2880 5058
669 301 890 368 ...502-

276 445 495 544 scriptorum
520 444 705 542 praeceptis
724 441 970 540 euernplisquc
996 435 1148 514 nimium
1172 443 1287 542 impli-

268 561 366 635 .catis
390 557 554 656 discipuli
579 556 634 628 sui
657 556 870 628 memoriam
900 555 1043 626 onerari
1069 555 1163 643 vult,
1190 559 1287 630 Cice·

272 697 419 761 rocem,
437 671 578 742 unicam
598 667 799 767 epistolaris
816 669 900 740 artis
919 668 1194 765 quodammodo
1212 671 1287 742 effi-

267 786 385 884 giem,
419 799 544 882 utpote
574 784 666 856 iuter
695 807 836 871 ornnes,
865 781 966 879 quod
995 783 1113 881 reipsa
1146 798 1213 877 cst,
1243 811 1286 857 ex

279 899 380 978 omni
397 912 511 996 perte„
531 911 706 993 quantum
723 894 883 970 humana
901 910 1027 968 natura
1045 896 1191 994 patitur,
1208 923 1287 995 per·

279 1011 460 1091 sectarum
476 1010 692 1100 absolutam,
708 1009 892 1106 proponit.
1290 1019 1293 1024 ·

325 1122 427 1204 ‚Adeo
459 1123 603 1220 plenam
627 1119 675 1192 de
699 1119 799 1194 omui
828 1116 1059 1216 epistularum
1089 1118 1204 1190 forma
1230 1120 1285 1192 Ci-

271 1259 363 1313 ceru
382 1236 568 1314 materiam
584 1233 837 1332 suppeditavit,
854 1246 891 1302 ut
902 1232 1037 1302 Victori
1050 1256 1123 1302 non
1141 1257 1286 1305 necesse

279 1351 397 1432 risum
414 1351 459 1425 sit
477 1350 525 1422 de
541 1348 617 1422 aliis
632 1348 855 1422 mentionem
867 1345 998 1418 lacere.
1019 1347 1283 1436 Quamobrem,

280 1478 320 1537 ut
336 1485 444 1560 supra
458 1461 647 1550 diximus¹‚
672 1485 746 1532 nou
770 1462 912 1532 Seueeae
936 1483 990 1530 nc.
1005 1460 1108 1532 Plinii
1130 1461 1286 1532 iunioris

280 1577 409 1672 magis,
433 1601 541 1672 quam
560 1574 751 1647 Frontonis
773 1588 810 1644 et
833 1573 987 1645 aliorum
1005 1575 1098 1645 aetati
1113 1599 1185 1646 suae
1203 1600 1285 1673 pro·

280 1688 443 1785 piorum,
477 1685 644 1784 epistolas
678 1686 801 1762 lictor
833 1685 1139 1794 commemoravit.
1177 1686 1286 1757 ttuttae

275 1800 378 1876 euim
389 1800 489 1878 omni
499 1825 540 1870 ex
551 1813 651 1895 parte
662 1798 906 1874 diversissimis
919 1797 1115 1877 scribendae
1129 1791 1285 1896 epistolae

280 1913 376 1994 ansis
388 1912 606 2010 quibusdam
618 1927 653 1982 et
670 1910 880 1984 utilitatibus
889 1910 1166 1984 satisfaciebant.
1180 1915 1284 1983 Nam·

281 2049 372 2122 que,
394 2041 434 2102 ut
449 2026 508 2099 liic
527 2029 697 2098 Senecam
714 2023 947 2096 solummodo
965 2049 1006 2096 ae
1024 2023 1178 2095 Plinium
1198 2025 1285 2097 alle·
1307 2087 1310 2094 .

281 2161 364 2232 gare
381 2136 549 2226 sufficiat,
572 2136 660 2233 quid
687 2160 881 2208 commuue
907 2161 990 2208 cum
1012 2136 1071 2209 illa
1089 2138 1285 2235 epistolaris

281 2249 405 2322 forrum
428 2250 526 2346 apud
542 2251 751 2322 Ciceronem
768 2263 804 2319 et
827 2249 1051 2345 plenitudine
1069 2265 1103 2320 ct
1120 2251 1284 2324 varietate

281 2375 317 2435 et
337 2362 489 2436 naturali
509 2362 723 2444 fecunditate
738 2387 856 2460 praese
871 2362 1044 2448 serebant,
1059 2377 1121 2433 aut
1131 2365 1284 2438 morales

280 2470 347 2550 illae
375 2476 516 2548 Senecae
543 2473 802 2572 disputationes
833 2501 912 2572 quae
940 2476 1172 2573 epistolarum
1207 2477 1283 2548 solo

266 2609 396 2683 μορε
420 2586 568 2666 nomine
595 2585 773 2684 designari
796 2588 949 2676 debent,
971 2603 1031 2661 aut
1050 2589 1208 2660 Pliniana
1228 2590 1284 2662 illa

270 2696 478 2772 «litterarum
497 2700 690 2795 elegantia,
708 2701 745 2772 iu
762 2701 891 2798 quibus
907 2701 993 2772 nihil
1013 2726 1086 2773 non
1099 2702 1173 2780 sere
1187 2727 1284 2774 com-

268 2812 442 2908 ·pcsitum
464 2827 516 2884 est
544 2827 578 2884 et
602 2829 827 2910 apparatum,
847 2830 883 2886 ct
906 2815 1128 2886 eruditarum
1144 2817 1283 2888 aurium

278 2921 472 3017 voluptatis
483 2947 602 3011 causa,
617 2923 813 2998 verborum
830 2925 938 2996 veluti
951 2927 1127 2996 cincinnis
1138 2941 1176 2996 et
1191 2927 1283 2997 calu·

277 3031 409 3112 mistris
422 3031 634 3129 depictum?
651 3037 759 3122 Quod
776 3038 851 3133 ipse
869 3037 1013 3126 Plinius,
1028 3039 1065 3108 in
1085 3055 1283 3112 memoratu
1358 3097 1364 3106 .

274 3141 390 3240 digno
419 3146 525 3220 unius
556 3148 786 3244 epistolarum
810 3175 956 3248 suarum
982 3152 1063 3223 loco
1091 3177 1283 3250 agnoscere

196 3339 198 3342 ¹
270 3259 440 3351 cogitur,
464 3285 580 3355 qutun
610 3260 743 3334 Sabino
772 3264 888 3336 arnico
920 3264 1044 3359 longas
1073 3279 1108 3336 et
1142 3265 1283 3338 crebras

278 3372 444 3468 epistolas
463 3374 655 3468 flagitanti,
673 3392 818 3448 excusat
831 3403 890 3466 se,
911 3378 1010 3474 quod
1029 3378 1175 3448 materia
1193 3377 1282 3449 delr-

272 3484 358 3564 ciat.
382 3519 399 3554 «
421 3491 542 3583 Neque
559 3491 668 3579 euim,
690 3491 806 3588 iuquit
819 3496 848 3583 ¹,
867 3491 995 3563 eadem
1015 3506 1138 3562 nostra
1157 3490 1281 3564 condi·

266 3598 344 3683 no,
363 3624 443 3694 quae
461 3604 507 3675 llll.
527 3601 646 3690 Tullii,
666 3603 712 3674 ad
731 3604 831 3700 cujus
850 3604 1052 3703 exemplum
1069 3630 1137 3676 nos
1158 3629 1278 3676 vocas.

264 3705 330 3788 illi
358 3713 453 3790 cuim
480 3727 515 3783 et
539 3717 825 3812 copiosissimum
846 3718 1050 3814 ingenium,
1074 3733 1109 3790 et
1134 3719 1281 3816 ingenio

317 3968 347 4025 l.
369 3965 442 4025 Vide
455 3987 521 4046 pag.
540 3971 589 4030 tt.

314 4057 345 4118 2.
370 4056 445 4114 Plin.
458 4061 526 4116 Jun.
542 4062 635 4133 Epist.
649 4063 707 4133 IX,
723 4081 757 4122 11.
