2866 5056
567 379 769 454 ...29-

162 532 408 633 syllogismum
436 530 475 605 in
500 531 662 630 quinque
682 546 802 628 partes
818 529 1050 634 distributum
1069 557 1163 626 esse,

163 646 349 719 Aristotele
370 659 405 716 et
426 643 673 742 Theophrasto
692 659 727 716 et
743 645 917 717 Cicerone
939 645 1163 740 auctoribus,

164 755 313 853 dixerit,
333 785 408 832 non
435 757 677 860 firmissimam
696 756 795 828 illam
819 758 952 830 Tullii¹
978 761 1167 833 ratiocina-

164 874 299 946 tionem
338 869 517 944 addiderit
551 869 794 967 disputatione
827 869 1072 946 confirmantis
1096 895 1168 969 qna

163 1011 270 1062 causa
284 987 335 1058 ita
357 1010 395 1058 sc
421 1009 498 1058 rem
519 982 656 1056 habere
682 1007 827 1056 necesse
846 984 902 1056 sit.
927 989 1053 1058 Noster
1070 987 1167 1060 euim

163 1099 287 1172 brevia
316 1097 437 1170 solum
468 1097 639 1171 orationis
672 1109 851 1194 praecepta
885 1095 951 1168 sibi
982 1097 1169 1170 scribenda

163 1211 374 1311 proposuit,
400 1235 441 1282 ac
465 1209 665 1282 dummodo
692 1207 849 1281 lucidam
870 1210 907 1282 in
938 1209 980 1284 iis
1009 1209 1169 1284 brevita-

163 1335 238 1394 tem
255 1321 426 1416 attigerit‚
443 1343 552 1390 omne
570 1318 648 1390 tulit
664 1317 783 1415 operis
797 1318 864 1390 sibi
880 1318 1048 1394 destinati
1061 1344 1171 1419 punc·

164 1447 254 1506 tum.
274 1438 503 1530 Quapropter
530 1456 575 1502 ne
597 1429 648 1501 illi
666 1431 753 1503 vitio
774 1451 953 1506 vertamus
969 1434 1071 1531 quod
1089 1459 1169 1508 mu·

164 1545 225 1619 tila
241 1545 361 1642 aliqua
375 1559 410 1616 et
424 1557 562 1616 curtata
577 1543 623 1614 dc
641 1544 866 1616 inveniendis
883 1560 920 1618 et
935 1546 1170 1644 disponendis

165 1658 212 1732 ab
228 1672 371 1731 oratore
391 1656 497 1728 rebus
520 1656 791 1754 conscripserit;
812 1681 930 1754 neque
951 1657 1171 1731 admiremur

165 1796 291 1868 quare,
302 1795 416 1868 quum
432 1769 478 1841 dc
492 1770 724 1864 egressione¹,
738 1769 838 1842 verbi
856 1771 985 1867 gratia,
1005 1771 1170 1868 quaedam

165 1885 203 1956 in
217 1883 348 1954 librum
367 1907 472 1954 suum
490 1881 1003 1974 exinstitutioneQuintilian?¹
1015 1885 1170 1956 oratoria

166 1999 354 2087 traducat,
384 1995 683 2093 jucundissimam
711 2020 838 2068 eornm
862 2013 1001 2095 partem
1029 1999 1169 2074 silentio

165 2124 348 2209 praetereat
364 2134 444 2206 quae
460 2107 609 2200 Fabius,
630 2107 718 2178 dum
735 2131 807 2179 suae
835 2110 944 2178 aetatis
965 2111 1171 2194 ⁴orationum

166 2223 355 2322 plerasque
383 2220 629 2318 degressiones
656 2220 900 2318 vituperaret,
932 2219 1171 2316 pulcherrima

166 2335 354 2431 degressus
371 2333 573 2433 explanavit
589 2335 613 2404 ⁸.

217 2448 388 2536 Quamvis
429 2460 550 2518 autern
584 2445 772 2518 concisum
810 2469 885 2518 esse
914 2446 1173 2545 compendium

168 2586 273 2634 suum
283 2563 404 2632 Victor
415 2559 581 2649 voluerit,
600 2582 708 2629 nemo
723 2582 799 2630 non
816 2559 917 2633 arida
933 2572 968 2630 et
984 2561 1174 2657 exsanguia

169 2700 244 2748 esse
266 2675 394 2746 merito
412 2672 509 2744 dicet
522 2696 602 2769 quae
617 2672 664 2744 de
679 2672 814 2744 facetiis
830 2688 865 2745 et
880 2673 1066 2746 dicacitate
1082 2667 1173 2772 prae·

169 2789 301 2886 cepit-⁸.
319 2791 399 2858 Non
417 2783 517 2881 quod
543 2782 596 2855 ihi
621 2785 753 2879 magis,
772 2808 881 2879 quam
899 2784 969 2856 alio
992 2786 1092 2876 locu,
1112 2801 1174 2858 aut

172 2899 378 2972 Ciceronis⁶
406 2897 569 2995 copiam,
601 2908 662 2966 aut
697 2894 929 2981 Quintiliani⁷
956 2895 1175 2992 diligentiam

174 3034 365 3110 exposcere
386 3009 543 3099 debeas,
569 3006 633 3080 sed
659 3004 759 3106 quod
785 3007 858 3080 sive
886 3005 1171 3104 degressionem,

172 3123 246 3194 sive
271 3135 404 3194 ceteras
423 3120 617 3192 rhetorices
644 3120 810 3194 materias
832 3122 1033 3212 tractando,
1056 3124 1176 3194 Victor

172 3231 359 3331 nunquam
390 3233 462 3304 fere
497 3257 609 3305 unam
641 3257 687 3305 ex
716 3233 758 3304 iis
789 3234 893 3305 novis
923 3248 960 3304 et
991 3236 1175 3308 notatione

173 3345 288 3444 dignis
322 3342 633 3419 observationibus
659 3345 805 3438 inserit,
838 3345 1035 3444 exquibus
1075 3347 1175 3420 facile

214 3620 242 3676 i.
265 3614 324 3676 Cic.
341 3617 378 3672 de
391 3614 564 3684 Inventione,
580 3613 611 3684 1,
628 3612 735 3670 at-to.

214 3710 245 3766 2.
267 3709 298 3766 C.
314 3709 342 3768 J.
358 3704 430 3764 Vict.
442 3746 451 3776 ,
464 3722 528 3780 cap.
544 3721 619 3764 xvn.

215 3800 244 3856 3.
269 3792 403 3870 Quintil.,
422 3796 478 3865 tv,
497 3795 531 3863 3,
549 3795 656 3852 ta-tt.

215 3891 245 3946 d.
272 3885 626 3959 Quinnt.,1v,3‚·t-tt.

217 3979 246 4035 5.
272 3977 304 4034 C.
320 3978 348 4031 J.
365 3973 436 4034 Vict.
447 3991 527 4050 ,cap.
542 3991 623 4041 arn,
639 3989 669 4047 p.
687 3971 797 4031 aaut.

217 4067 247 4126 6.
271 4063 329 4121 Cic.
346 4064 383 4119 de
399 4064 529 4133 Oratore,
542 4062 587 4131 11,
603 4061 711 4121 tit-tt.

217 4157 247 4212 7.
269 4150 402 4227 Quintil„
416 4155 474 4224 vt,
490 4153 527 4223 3,
542 4151 648 4207 t-tta.
