2880 5058
686 379 884 456 ..εο-

282 529 476 628 baecatque
488 529 523 602 in
541 543 715 630 perpetuo
728 555 795 602 usu
807 543 1005 602 versentur.
1023 533 1190 619 Quorum
1201 554 1278 603 non

281 644 389 720 aliam
400 643 555 742 speciem
572 667 774 743 proponere
791 667 934 716 necesse
949 657 1016 734 est,
1034 667 1143 741 quam
1162 640 1280 716 adrui·

281 755 410 830 rabiles
440 755 520 828 illos
548 756 702 828 Platonis
725 770 760 828 et
784 755 965 828 Ciceronis
989 779 1189 847 sermones,
1216 758 1280 854 qui

281 867 528 942 diversissimis
548 857 811 942 sermocinandi
840 867 1023 968 leporibus
1046 868 1276 966 frequentati,

279 979 379 1054 varia
402 981 499 1080 apud
521 982 690 1081 antiquos
706 980 1014 1054 sermocinationis
1037 1005 1167 1078 genera
1186 1004 1280 1078 quo·

282 1092 480 1168 dammodo
493 1094 711 1168 adumbrant
724 1108 761 1167 et
774 1093 858 1166 vivo
873 1093 980 1166 etiam
988 1092 1152 1166 colorum
1168 1091 1280 1164 ductu

282 1204 453 1282 referunt.
488 1212 575 1296 Quae
603 1209 700 1280 enirn
731 1207 841 1280 modo
868 1205 1030 1304 gravitati
1055 1219 1277 1304 temperatae,

282 1321 395 1396 modo
412 1322 530 1394 Attice
546 1336 607 1394 aut
629 1325 797 1394 Romanae
822 1319 1012 1392 urbanitati
1035 1317 1193 1390 immixta
1210 1317 1279 1392 ele·

282 1434 403 1530 gantia
418 1457 494 1506 non
517 1433 737 1506 immortales
761 1434 947 1531 utriusque
971 1429 1132 1528 dialogos
1148 1417 1280 1502 conv'e·

282 1545 430 1620 nustat?
455 1545 700 1634 Quamobrem
717 1546 879 1644 quamvis
902 1546 996 1617 inter
1011 1567 1049 1616 se
1067 1567 1159 1642 soepe
1173 1541 1279 1616 dissi-

280 1657 384 1732 miles
421 1659 513 1748 sint,
550 1653 700 1757 uterque
738 1673 857 1730 tamen
888 1658 924 1728 in
959 1654 1206 1756 pulcherrimis
1238 1655 1281 1728 iis

283 1770 471 1868 colloquiis
500 1785 562 1844 aut
594 1771 785 1871 proverbia
819 1783 1022 1870 opportune
1048 1783 1189 1868 aptata,
1220 1783 1283 1841 aut

282 1905 405 1954 versus
434 1883 625 1956 commode
652 1885 805 1983 positos,
838 1897 900 1956 aut
928 1881 1072 1955 doctam
1096 1879 1281 1954 comoedi'ae

281 1991 389 2090 hujus
408 1995 644 2070 imitationem
667 2022 746 2095 quae
765 1996 942 2070 sermonis
965 1991 1116 2094 gratiam
1135 1993 1277 2078 retinet,

283 2123 346 2182 aut
360 2135 404 2182 ex
411 2109 559 2186 historia
574 2113 682 2186 ducta
693 2112 860 2184 decenter
873 2109 1050 2216 exempla,
1067 2123 1129 2182 aut
1143 2121 1282 2182 senten·

282 2221 349 2296 tias
363 2224 513 2322 pulchre
530 2250 613 2298 curn
631 2223 741 2298 rebus
758 2225 799 2296 iis
817 2223 863 2296 de
878 2222 1010 2321 quibus
1025 2222 1140 2317 agitur
1152 2243 1281 2294 conso·

282 2351 409 2410 nantes
425 2339 474 2410 ita
490 2337 591 2410 allent
605 2353 641 2411 et
655 2338 831 2427 contexit,
852 2350 893 2409 ut
908 2336 1053 2408 illorum
1067 2335 1281 2408 sermocina-

283 2446 352 2538 tio,
372 2449 572 2522 sccundum
587 2475 708 2524 veram
727 2450 910 2524 Fontanii¹
926 2448 1038 2522 nostri
1054 2447 1279 2546 opinionem,

282 2582 367 2631 cum
383 2559 491 2636 horto
502 2563 723 2636 conferenda
734 2564 791 2654 sit,
811 2561 874 2634 ubi
891 2585 979 2660 opes
995 2560 1098 2634 Flora
1114 2557 1283 2632 dillundit

283 2697 363 2770 quae
379 2673 518 2748 diversa
535 2676 606 2748 sint
620 2700 729 2775 apum
748 2675 844 2748 melli
860 2674 1003 2774 pabula.
1017 2671 1127 2745 Nobis
1137 2671 1283 2770 quidem

283 2811 348 2885 per
364 2787 486 2860 omnia
499 2785 576 2860 baec
592 2789 732 2884 evagari
752 2787 877 2860 liberet
895 2811 974 2885 quae
989 2785 1144 2858 breviter
1156 2808 1284 2884 praece·

284 2899 338 2998 pit
354 2901 478 2972 Victor
494 2900 540 2974 de
559 2902 663 2974 variis
681 2901 833 2974 sontium
857 2899 1060 2997 generibus,
1084 2897 1182 2970 unde
1201 2898 1282 2996 plu·

284 3011 377 3084 rima
393 3013 430 3082 in
449 3015 623 3086 sermonis
641 3015 789 3110 gratiam
804 3013 982 3104 delluant;
1001 3035 1042 3084 ac
1058 3011 1236 3110 praecipue
1246 3011 1282 3082 in

282 3120 327 3194 iis
361 3126 578 3198 commorari
610 3149 797 3226 possemus
832 3125 1091 3200 comoediarum
1123 3111 1284 3197 veterum

284 3233 408 3309 formis
431 3261 520 3335 quas
536 3240 659 3312 Victor
681 3239 891 3312 nominavit.
911 3238 981 3312 Sed
1001 3261 1143 3310 mecum
1164 3261 1283 3310 recor-

285 3347 363 3422 dari
376 3373 434 3422 me
446 3367 588 3451 oportet
596 3378 671 3426 uon
685 3353 723 3426 id
739 3377 814 3426 esse
826 3353 914 3429 mihi
930 3352 1155 3452 propositum
1171 3350 1281 3443 aliud,

285 3464 353 3536 nisi
374 3479 412 3536 ut
431 3465 524 3538 banc
547 3465 697 3540 rhetoris
722 3468 835 3540 nostri
856 3466 1003 3562 eclogen
1028 3464 1279 3565 expenderem.

285 3580 365 3648 Non
377 3579 515 3675 ergoad
524 3579 733 3679 explicanda
743 3604 786 3652 ea
796 3579 995 3677 degrediar,
1003 3578 1282 3678 quaeplurimum

284 3689 407 3760 Victor
437 3692 484 3764 ad
518 3693 826 3766 sermocinationis
868 3693 1082 3789 elegantiam
1120 3690 1283 3764 conferre

285 3800 500 3898 predicavit.
535 3804 660 3879 Obiter
698 3820 817 3880 tamen
850 3821 885 3878 et
920 3807 1053 3880 cursim
1088 3805 1187 3876 hunc
1216 3803 1283 3879 sibi

285 3928 450 3988 constare
464 3933 696 4013 annotemus,
712 3945 827 4018 quum
842 3933 877 3992 et
890 3918 950 3992 bic
969 3935 1004 3992 et
1022 3919 1107 3994 alias
1123 3917 1285 4015 antiquo·

326 4150 356 4206 t.
381 4148 583 4228 barontane,
595 4150 752 4232 ratr.,x,
767 4174 795 4230 1,
810 4155 917 4216 st-aa
