2866 5056
560 353 756 428 „45-

157 500 336 600 positione
352 502 514 598 superius
527 500 689 598 metata)
704 515 861 599 quatuor
880 501 1049 604 deinceps
1064 508 1162 606 capi·

158 613 257 688 tibus
277 613 415 687 edocet.
437 612 576 687 Deinde
600 637 717 712 pauca
726 613 778 688 ¹de
795 614 1045 716 dispositione¹
1063 621 1164 698 omni

158 726 293 802 scribit.
304 726 507 800 Verborum
522 751 610 798 vero
624 727 897 826 dispositionem
912 743 947 802 et
961 729 1093 826 figuras
1107 732 1165 808 vel

158 839 360 926 dictionum
377 829 446 912 'vel
470 840 741 929 sententiarum,
766 841 804 912 in
832 842 1011 940 capitibus
1043 846 1165 920 Victor

159 953 379 1054 perstringit,
396 951 529 1053 quibus
541 950 587 1024 de
606 951 844 1045 elocutionc²,··
855 953 902 1026 de
918 954 1104 1052 figuratis³,
1120 957 1171 1034 de

160 1065 373 1164 obliquitate
381 1068 405 1161 ⁸,
434 1065 525 1137 tituli
545 1065 705 1163 impositi
726 1080 822 1138 sunt.
842 1068 975 1140 Ceteris
995 1071 1166 1148 orationis

160 1177 340 1278 partibus,
354 1178 554 1252 memoriae⁵
571 1178 704 1252 scilicet
721 1191 757 1248 et
775 1180 1060 1276 pronuntiationi
1067 1183 1091 1272 ⁶,
1111 1207 1166 1256 sc-

160 1292 311 1388 quentia
321 1291 396 1366 duo
406 1292 521 1390 capita
534 1290 669 1362 tribuit.
684 1291 848 1388 Denique
860 1292 898 1364 in
912 1293 1025 1366 tribus
1037 1295 1169 1373 ultimis

161 1404 282 1502 operis
305 1403 478 1503 capitibus
507 1403 744 1495 exercitatio⁷,
780 1406 1032 1481 sermocinatio
1046 1409 1068 1500 ⁸,
1094 1408 1169 1506 epi·

161 1517 274 1590 stolae⁹
282 1532 573 1592 commemoratae
590 1532 686 1590 sunt.

264 1861 284 1944 ς
304 1866 333 1924 6.
349 1861 488 1941 Opusculi
505 1861 597 1924 nostri
610 1851 640 1920 in
654 1875 779 1942 quatuor
792 1875 889 1944 partes
903 1861 1067 1943 descriptio

214 2017 280 2088 Hic
294 2029 348 2088 est
361 2017 567 2087 summatim
580 2018 810 2088 materiarum
824 2017 989 2088 omnium
1005 2015 1111 2106 ordo,
1124 2016 1171 2088 de

166 2129 297 2228 quibus
310 2131 473 2200 tractavit
488 2129 526 2198 in
544 2129 734 2201 Rhetorica
751 2135 834 2202 Arte
849 2129 970 2200 Victor
986 2127 1074 2198 etin
1091 2128 1173 2223 qui-

167 2241 235 2314 bus
251 2242 389 2313 cunctis
407 2241 593 2312 rhetorum
617 2257 779 2313 veterum
801 2255 1008 2342 persecutus
1026 2254 1079 2310 est
1092 2264 1172 2310 ves·

167 2356 251 2452 tigia
260 2410 270 2445 ,
295 2369 532 2452 praeterquam
548 2354 583 2424 in
600 2355 651 2426 eis
665 2379 745 2451 quae
765 2354 812 2427 de
827 2353 1127 2426 sermocinatione
1140 2365 1174 2424 et

169 2467 327 2566 epistolis
343 2466 554 2565 conscripsit
564 2493 574 2557 3
585 2467 749 2564 quamvis
767 2467 944 2540 nesciatur
958 2489 1003 2536 an
1021 2465 1098 2565 ipsa
1114 2461 1175 2535 illa

169 2582 320 2654 Victoris
339 2579 385 2651 ad
401 2581 669 2652 sermocinandi
684 2597 721 2652 et
742 2580 913 2681 epistolas
932 2577 1101 2652 exarandi
1117 2601 1174 2650 ra·

170 2695 306 2766 tionem
315 2695 509 2792 spectantia
524 2708 712 2791 praecepta,
730 2717 751 2765 a
767 2693 913 2764 rhetore
927 2691 1061 2788 aliquo,
1074 2691 1175 2786 cujus

171 2805 356 2905 deperdita
375 2821 457 2878 sunt
468 2829 592 2902 opera,
608 2805 824 2903 deprompta
840 2804 983 2874 suerint.
999 2802 1070 2873 Sed
1084 2826 1176 2900 quo·

172 2920 267 2990 niam
280 2943 335 2989 res
352 2919 388 2988 in
406 2916 577 3013 ambiguo
593 2931 659 3007 est,
672 2931 708 2989 et
725 2917 862 3016 primus
874 2915 1072 3012 unicusque
1085 2916 1177 2987 inter

172 3032 316 3102 [atinos
333 3029 477 3102 dicendi
494 3031 678 3127 magistros
693 3030 914 3122 nominatur,
930 3029 1040 3127 quiin
1052 3028 1178 3102 rheto-

174 3144 255 3214 ricis
264 3142 476 3241 quidquam,
488 3141 906 3241 hactenusetemporum
918 3142 1080 3239 quodam
1090 3166 1178 3214 nau-

174 3255 285 3353 fragio
296 3257 437 3354 ereptis,
451 3255 497 3327 de
510 3255 809 3328 sermocinatione
826 3269 862 3326 et
875 3254 1035 3350 epistolis
1047 3279 1177 3355 praece·

215 3412 244 3468 1.
267 3411 299 3469 C.
313 3411 340 3468 J.
356 3407 444 3478 vice,
458 3425 523 3484 cap.
541 3427 608 3480 xix,
625 3427 655 3484 p.
672 3409 721 3466 97.

214 3502 245 3559 2.
267 3497 358 3570 lbtd„
372 3516 436 3576 cap.
452 3517 507 3570 rur,
523 3515 553 3575 p.
571 3498 698 3556 stt-tot.

216 3596 246 3653 3.
268 3592 359 3665 Jbtd„
373 3612 438 3672 cap.
452 3613 520 3665 xxr,
530 3612 561 3670 p.
573 3593 716 3650 tut-103.

215 3690 245 3746 1.
268 3685 360 3760 Ibid,
375 3704 440 3764 cap.
455 3705 535 3760 xxu,
547 3705 578 3764 p.
595 3687 741 3744 tou-tto.

217 3780 246 3834 5.
269 3775 359 3850 thiu,
376 3795 439 3855 cap.
455 3796 547 3848 xxm,
563 3795 594 3854 p.
610 3777 752 3832 tto-ttt.

218 3869 247 3926 b.
270 3865 360 3937 Ictu,
375 3883 439 3943 cap.
455 3885 545 3938 xxiv,
560 3883 589 3942 p.
605 3866 749 3923 111-115.

217 3961 248 4018 ’1.
270 3955 362 4027 lbra„
377 3973 441 4033 cap.
457 3974 532 4027 xxv,
548 3974 577 4033 p.
602 3956 746 4014 tto-tto.

220 4048 250 4104 8.
271 4043 361 4115 Ihm„
376 4064 440 4123 cap.
456 4065 545 4114 xxv1,
560 4065 590 4123 p.
607 4045 750 4102 111-113.

220 4137 250 4194 9.
272 4133 363 4205 lbra,
379 4153 444 4213 cap.
457 4153 557 4205 xxvn,
569 4151 600 4212 p.
618 4135 761 4193 tet-tau.
