<?xml version="1.0" encoding="UTF-8"?>
<!DOCTYPE html PUBLIC "-//W3C//DTD XHTML 1.0 Transitional//EN"
    "http://www.w3.org/TR/xhtml1/DTD/xhtml1-transitional.dtd">
<html xmlns="http://www.w3.org/1999/xhtml" xml:lang="en" lang="en">
 <head>
  <title>
</title>
<meta http-equiv="Content-Type" content="text/html;charset=utf-8" />
  <meta name='ocr-system' content='tesseract 3.04.00' />
  <meta name='ocr-capabilities' content='ocr_page ocr_carea ocr_par ocr_line ocrx_word'/>
</head>
<body>
  <div class='ocr_page' id='page_1' title='image "./decaiijuliivict00victgoog_0076.png"; bbox 0 0 2866 5056; ppageno 0'>
   <div class='ocr_carea' id='block_1_1' title="bbox 487 937 809 1030">
    <p class='ocr_par' dir='ltr' id='par_1_1' title="bbox 487 937 809 1030">
     <span class='ocr_line' id='line_1_1' title="bbox 487 937 809 1030; baseline -0.006 -2"><span class='ocrx_word' id='word_1_1' title='bbox 487 937 669 1030; x_wconf 80' lang='lat' dir='ltr'>CAPUT</span> <span class='ocrx_word' id='word_1_2' title='bbox 723 939 809 1027; x_wconf 88' lang='lat' dir='ltr'><strong>Ill.</strong></span> 
     </span>
    </p>
   </div>
   <div class='ocr_carea' id='block_1_2' title="bbox 211 1327 1102 1503">
    <p class='ocr_par' dir='ltr' id='par_1_2' title="bbox 211 1327 1102 1503">
     <span class='ocr_line' id='line_1_2' title="bbox 211 1327 1102 1416; baseline 0.007 -22"><span class='ocrx_word' id='word_1_3' title='bbox 211 1331 235 1416; x_wconf 71' lang='lat'>5</span> <span class='ocrx_word' id='word_1_4' title='bbox 260 1335 290 1394; x_wconf 84' lang='lat' dir='ltr'><strong>l.</strong></span> <span class='ocrx_word' id='word_1_5' title='bbox 305 1333 423 1414; x_wconf 79' lang='lat' dir='ltr'><strong>Aliquot</strong></span> <span class='ocrx_word' id='word_1_6' title='bbox 437 1331 600 1394; x_wconf 81' lang='lat' dir='ltr'><strong>summatim</strong></span> <span class='ocrx_word' id='word_1_7' title='bbox 613 1331 650 1392; x_wconf 89' lang='lat' dir='ltr'><strong>de</strong></span> <span class='ocrx_word' id='word_1_8' title='bbox 662 1329 799 1392; x_wconf 81' lang='lat' dir='ltr'><strong>extremis</strong></span> <span class='ocrx_word' id='word_1_9' title='bbox 811 1327 927 1396; x_wconf 87' lang='lat' dir='ltr'><strong>duobus</strong></span> <span class='ocrx_word' id='word_1_10' title='bbox 940 1332 1102 1400; x_wconf 76' lang='lat' dir='ltr'><strong>Rhetoricae</strong></span> 
     </span>
     <span class='ocr_line' id='line_1_3' title="bbox 440 1422 879 1503; baseline 0.005 -19"><span class='ocrx_word' id='word_1_11' title='bbox 440 1423 528 1499; x_wconf 82' lang='lat' dir='ltr'><strong>hujus</strong></span> <span class='ocrx_word' id='word_1_12' title='bbox 541 1424 619 1484; x_wconf 81' lang='lat' dir='ltr'><strong>Artis</strong></span> <span class='ocrx_word' id='word_1_13' title='bbox 632 1423 776 1503; x_wconf 78' lang='lat' dir='ltr'><strong>capitibus</strong></span> <span class='ocrx_word' id='word_1_14' title='bbox 790 1422 879 1486; x_wconf 68' lang='lat' dir='ltr'><strong>dictu</strong></span> 
     </span>
    </p>
   </div>
   <div class='ocr_carea' id='block_1_3' title="bbox 153 1669 1166 1883">
    <p class='ocr_par' dir='ltr' id='par_1_3' title="bbox 153 1669 1166 1883">
     <span class='ocr_line' id='line_1_4' title="bbox 199 1669 1164 1774; baseline 0.003 -26"><span class='ocrx_word' id='word_1_15' title='bbox 199 1673 303 1748; x_wconf 83' lang='lat' dir='ltr'><strong>Nunc</strong></span> <span class='ocrx_word' id='word_1_16' title='bbox 324 1669 372 1745; x_wconf 90' lang='lat' dir='ltr'><strong>ad</strong></span> <span class='ocrx_word' id='word_1_17' title='bbox 387 1669 528 1744; x_wconf 81' lang='lat' dir='ltr'><strong>tertiam</strong></span> <span class='ocrx_word' id='word_1_18' title='bbox 545 1669 706 1743; x_wconf 88' lang='lat' dir='ltr'><strong>inchoati</strong></span> <span class='ocrx_word' id='word_1_19' title='bbox 721 1693 743 1743; x_wconf 90' lang='lat' dir='ltr'><strong>a</strong></span> <span class='ocrx_word' id='word_1_20' title='bbox 764 1695 823 1744; x_wconf 87' lang='lat' dir='ltr'><strong>me</strong></span> <span class='ocrx_word' id='word_1_21' title='bbox 846 1670 1006 1746; x_wconf 87' lang='lat' dir='ltr'><strong>muneris</strong></span> <span class='ocrx_word' id='word_1_22' title='bbox 1023 1689 1164 1774; x_wconf 86' lang='lat' dir='ltr'><strong>partem</strong></span> 
     </span>
     <span class='ocr_line' id='line_1_5' title="bbox 153 1781 1166 1883; baseline 0.006 -25"><span class='ocrx_word' id='word_1_23' title='bbox 153 1799 315 1876; x_wconf 81' lang='lat' dir='ltr'><strong>transeo,</strong></span> <span class='ocrx_word' id='word_1_24' title='bbox 333 1790 374 1855; x_wconf 92' lang='lat' dir='ltr'><strong>ut</strong></span> <span class='ocrx_word' id='word_1_25' title='bbox 389 1781 518 1855; x_wconf 87' lang='lat' dir='ltr'><strong>ordine</strong></span> <span class='ocrx_word' id='word_1_26' title='bbox 532 1781 669 1879; x_wconf 87' lang='lat' dir='ltr'><strong>singula</strong></span> <span class='ocrx_word' id='word_1_27' title='bbox 691 1805 914 1880; x_wconf 83' lang='lat' dir='ltr'><strong>recenseam,</strong></span> <span class='ocrx_word' id='word_1_28' title='bbox 931 1811 1010 1883; x_wconf 86' lang='lat' dir='ltr'><strong>quae</strong></span> <span class='ocrx_word' id='word_1_29' title='bbox 1027 1784 1073 1862; x_wconf 91' lang='lat' dir='ltr'><strong>de</strong></span> <span class='ocrx_word' id='word_1_30' title='bbox 1089 1815 1166 1864; x_wconf 90' lang='lat' dir='ltr'><strong>ser·</strong></span> 
     </span>
    </p>
   </div>
   <div class='ocr_carea' id='block_1_4' title="bbox 40 1895 1165 2001">
    <p class='ocr_par' dir='ltr' id='par_1_4' title="bbox 40 1895 1165 2001">
     <span class='ocr_line' id='line_1_6' title="bbox 40 1895 1165 2001; baseline 0.005 -30"><span class='ocrx_word' id='word_1_31' title='bbox 40 1987 42 1992; x_wconf 22' lang='lat'>¹</span> <span class='ocrx_word' id='word_1_32' title='bbox 152 1898 398 1972; x_wconf 85' lang='lat' dir='ltr'><strong>mocinatione</strong></span> <span class='ocrx_word' id='word_1_33' title='bbox 413 1895 515 1968; x_wconf 87' lang='lat' dir='ltr'><strong>aede</strong></span> <span class='ocrx_word' id='word_1_34' title='bbox 530 1897 688 1995; x_wconf 83' lang='lat' dir='ltr'><strong>epistolis</strong></span> <span class='ocrx_word' id='word_1_35' title='bbox 704 1897 863 1995; x_wconf 87' lang='lat' dir='ltr'><strong>primum</strong></span> <span class='ocrx_word' id='word_1_36' title='bbox 881 1899 979 1998; x_wconf 88' lang='lat' dir='ltr'><strong>apud</strong></span> <span class='ocrx_word' id='word_1_37' title='bbox 997 1900 1165 2001; x_wconf 87' lang='lat' dir='ltr'><strong>antiquos</strong></span> 
     </span>
    </p>
   </div>
   <div class='ocr_carea' id='block_1_5' title="bbox 152 2007 1168 2449">
    <p class='ocr_par' dir='ltr' id='par_1_5' title="bbox 152 2007 1168 2449">
     <span class='ocr_line' id='line_1_7' title="bbox 152 2007 1166 2111; baseline 0.005 -27"><span class='ocrx_word' id='word_1_38' title='bbox 152 2011 369 2108; x_wconf 86' lang='lat' dir='ltr'><strong>Latinosque</strong></span> <span class='ocrx_word' id='word_1_39' title='bbox 399 2007 544 2080; x_wconf 89' lang='lat' dir='ltr'><strong>dicendi</strong></span> <span class='ocrx_word' id='word_1_40' title='bbox 577 2009 788 2104; x_wconf 83' lang='lat' dir='ltr'><strong>magistros,</strong></span> <span class='ocrx_word' id='word_1_41' title='bbox 827 2035 985 2108; x_wconf 88' lang='lat' dir='ltr'><strong>quorum</strong></span> <span class='ocrx_word' id='word_1_42' title='bbox 1016 2012 1166 2111; x_wconf 90' lang='lat' dir='ltr'><strong>quidem</strong></span> 
     </span>
     <span class='ocr_line' id='line_1_8' title="bbox 153 2123 1166 2222; baseline 0.005 -26"><span class='ocrx_word' id='word_1_43' title='bbox 153 2144 266 2222; x_wconf 88' lang='lat' dir='ltr'><strong>opera</strong></span> <span class='ocrx_word' id='word_1_44' title='bbox 291 2133 507 2220; x_wconf 84' lang='lat' dir='ltr'><strong>supersunt,</strong></span> <span class='ocrx_word' id='word_1_45' title='bbox 537 2136 560 2191; x_wconf 89' lang='lat' dir='ltr'><strong>a</strong></span> <span class='ocrx_word' id='word_1_46' title='bbox 584 2133 711 2192; x_wconf 87' lang='lat' dir='ltr'><strong>nostro</strong></span> <span class='ocrx_word' id='word_1_47' title='bbox 745 2137 830 2194; x_wconf 91' lang='lat' dir='ltr'><strong>sunt</strong></span> <span class='ocrx_word' id='word_1_48' title='bbox 866 2123 1063 2216; x_wconf 87' lang='lat' dir='ltr'><strong>enuntiata.</strong></span> <span class='ocrx_word' id='word_1_49' title='bbox 1100 2123 1166 2201; x_wconf 88' lang='lat' dir='ltr'><strong>llic</strong></span> 
     </span>
     <span class='ocr_line' id='line_1_9' title="bbox 154 2231 1167 2331; baseline 0.005 -24"><span class='ocrx_word' id='word_1_50' title='bbox 154 2235 304 2309; x_wconf 88' lang='lat' dir='ltr'><strong>sorsitnn</strong></span> <span class='ocrx_word' id='word_1_51' title='bbox 320 2236 476 2331; x_wconf 88' lang='lat' dir='ltr'><strong>legentes</strong></span> <span class='ocrx_word' id='word_1_52' title='bbox 493 2244 638 2330; x_wconf 86' lang='lat' dir='ltr'><strong>sperent</strong></span> <span class='ocrx_word' id='word_1_53' title='bbox 655 2257 692 2305; x_wconf 92' lang='lat' dir='ltr'><strong>se</strong></span> <span class='ocrx_word' id='word_1_54' title='bbox 710 2231 883 2330; x_wconf 85' lang='lat' dir='ltr'><strong>quiddam</strong></span> <span class='ocrx_word' id='word_1_55' title='bbox 901 2234 987 2306; x_wconf 88' lang='lat' dir='ltr'><strong>novi</strong></span> <span class='ocrx_word' id='word_1_56' title='bbox 1013 2236 1050 2307; x_wconf 91' lang='lat' dir='ltr'><strong>in</strong></span> <span class='ocrx_word' id='word_1_57' title='bbox 1072 2235 1167 2312; x_wconf 88' lang='lat' dir='ltr'><strong>illius</strong></span> 
     </span>
     <span class='ocr_line' id='line_1_10' title="bbox 154 2345 1168 2449; baseline 0 -24"><span class='ocrx_word' id='word_1_58' title='bbox 154 2348 374 2449; x_wconf 86' lang='lat' dir='ltr'><strong>compendio</strong></span> <span class='ocrx_word' id='word_1_59' title='bbox 403 2348 612 2420; x_wconf 86' lang='lat' dir='ltr'><strong>inventuros</strong></span> <span class='ocrx_word' id='word_1_60' title='bbox 641 2369 741 2439; x_wconf 90' lang='lat' dir='ltr'><strong>esse,</strong></span> <span class='ocrx_word' id='word_1_61' title='bbox 777 2345 958 2445; x_wconf 89' lang='lat' dir='ltr'><strong>siquidem</strong></span> <span class='ocrx_word' id='word_1_62' title='bbox 980 2350 1168 2425; x_wconf 87' lang='lat' dir='ltr'><strong>materiam</strong></span> 
     </span>
    </p>
   </div>
   <div class='ocr_carea' id='block_1_6' title="bbox 155 2445 1294 2553">
    <p class='ocr_par' dir='ltr' id='par_1_6' title="bbox 155 2445 1294 2553">
     <span class='ocr_line' id='line_1_11' title="bbox 155 2445 1294 2553; baseline -0.001 -20"><span class='ocrx_word' id='word_1_63' title='bbox 155 2473 234 2533; x_wconf 91' lang='lat' dir='ltr'><strong>tum</strong></span> <span class='ocrx_word' id='word_1_64' title='bbox 250 2459 289 2531; x_wconf 92' lang='lat' dir='ltr'><strong>in</strong></span> <span class='ocrx_word' id='word_1_65' title='bbox 315 2457 514 2551; x_wconf 84' lang='lat' dir='ltr'><strong>Ciceronis,</strong></span> <span class='ocrx_word' id='word_1_66' title='bbox 533 2470 612 2528; x_wconf 87' lang='lat' dir='ltr'><strong>tum</strong></span> <span class='ocrx_word' id='word_1_67' title='bbox 628 2458 666 2528; x_wconf 91' lang='lat' dir='ltr'><strong>in</strong></span> <span class='ocrx_word' id='word_1_68' title='bbox 683 2453 912 2553; x_wconf 86' lang='lat' dir='ltr'><strong>Quintiliani,</strong></span> <span class='ocrx_word' id='word_1_69' title='bbox 929 2471 1007 2531; x_wconf 90' lang='lat' dir='ltr'><strong>tum</strong></span> <span class='ocrx_word' id='word_1_70' title='bbox 1020 2460 1057 2532; x_wconf 93' lang='lat' dir='ltr'><strong>in</strong></span> <span class='ocrx_word' id='word_1_71' title='bbox 1072 2473 1167 2534; x_wconf 84' lang='lat' dir='ltr'><strong>cete·</strong></span> <span class='ocrx_word' id='word_1_72' title='bbox 1291 2445 1294 2454; x_wconf 73' lang='grc'>’</span> 
     </span>
    </p>
   </div>
   <div class='ocr_carea' id='block_1_7' title="bbox 56 2567 1173 4020">
    <p class='ocr_par' dir='ltr' id='par_1_7' title="bbox 56 2567 1173 4020">
     <span class='ocr_line' id='line_1_12' title="bbox 155 2567 1169 2646; baseline 0.001 -2"><span class='ocrx_word' id='word_1_73' title='bbox 155 2593 282 2644; x_wconf 90' lang='lat' dir='ltr'><strong>rorum</strong></span> <span class='ocrx_word' id='word_1_74' title='bbox 317 2569 526 2641; x_wconf 88' lang='lat' dir='ltr'><strong>Latinorum</strong></span> <span class='ocrx_word' id='word_1_75' title='bbox 558 2567 745 2640; x_wconf 87' lang='lat' dir='ltr'><strong>rhetoricis</strong></span> <span class='ocrx_word' id='word_1_76' title='bbox 775 2569 913 2642; x_wconf 89' lang='lat' dir='ltr'><strong>artibus</strong></span> <span class='ocrx_word' id='word_1_77' title='bbox 941 2571 1169 2646; x_wconf 87' lang='lat' dir='ltr'><strong>intractatam</strong></span> 
     </span>
     <span class='ocr_line' id='line_1_13' title="bbox 155 2679 1168 2779; baseline 0.001 -23"><span class='ocrx_word' id='word_1_78' title='bbox 155 2682 343 2756; x_wconf 87' lang='lat' dir='ltr'><strong>videbunt.</strong></span> <span class='ocrx_word' id='word_1_79' title='bbox 379 2687 530 2778; x_wconf 81' lang='lat' dir='ltr'><strong>Exque</strong></span> <span class='ocrx_word' id='word_1_80' title='bbox 560 2679 665 2752; x_wconf 88' lang='lat' dir='ltr'><strong>litut</strong></span> <span class='ocrx_word' id='word_1_81' title='bbox 690 2699 838 2779; x_wconf 89' lang='lat' dir='ltr'><strong>prorsus</strong></span> <span class='ocrx_word' id='word_1_82' title='bbox 868 2683 1168 2758; x_wconf 85' lang='lat' dir='ltr'><strong>commendandae</strong></span> 
     </span>
     <span class='ocr_line' id='line_1_14' title="bbox 56 2789 1169 2889; baseline 0.002 -23"><span class='ocrx_word' id='word_1_83' title='bbox 56 2859 58 2866; x_wconf 82' lang='grc'>,</span> <span class='ocrx_word' id='word_1_84' title='bbox 156 2796 311 2868; x_wconf 86' lang='lat' dir='ltr'><strong>Victoris</strong></span> <span class='ocrx_word' id='word_1_85' title='bbox 326 2793 481 2866; x_wconf 87' lang='lat' dir='ltr'><strong>rhetoris</strong></span> <span class='ocrx_word' id='word_1_86' title='bbox 496 2791 658 2889; x_wconf 86' lang='lat' dir='ltr'><strong>dignitati</strong></span> <span class='ocrx_word' id='word_1_87' title='bbox 675 2789 839 2864; x_wconf 85' lang='lat' dir='ltr'><strong>sufficere</strong></span> <span class='ocrx_word' id='word_1_88' title='bbox 851 2794 945 2865; x_wconf 87' lang='lat' dir='ltr'><strong>Maio</strong></span> <span class='ocrx_word' id='word_1_89' title='bbox 956 2797 965 2832; x_wconf 93' lang='lat'><strong>¹</strong></span> <span class='ocrx_word' id='word_1_90' title='bbox 977 2793 1169 2869; x_wconf 86' lang='lat' dir='ltr'><strong>videantur</strong></span> 
     </span>
     <span class='ocr_line' id='line_1_15' title="bbox 157 2906 1170 3007; baseline -0.001 -26"><span class='ocrx_word' id='word_1_91' title='bbox 157 2908 216 2982; x_wconf 81' lang='lat' dir='ltr'><strong>rel</strong></span> <span class='ocrx_word' id='word_1_92' title='bbox 232 2908 307 2980; x_wconf 91' lang='lat' dir='ltr'><strong>duo</strong></span> <span class='ocrx_word' id='word_1_93' title='bbox 321 2921 504 3007; x_wconf 87' lang='lat' dir='ltr'><strong>postrema</strong></span> <span class='ocrx_word' id='word_1_94' title='bbox 520 2920 692 2978; x_wconf 86' lang='lat' dir='ltr'><strong>tractatus</strong></span> <span class='ocrx_word' id='word_1_95' title='bbox 708 2906 844 3004; x_wconf 87' lang='lat' dir='ltr'><strong>capita,</strong></span> <span class='ocrx_word' id='word_1_96' title='bbox 869 2929 948 3004; x_wconf 88' lang='lat' dir='ltr'><strong>quae</strong></span> <span class='ocrx_word' id='word_1_97' title='bbox 966 2907 1013 2980; x_wconf 88' lang='lat' dir='ltr'><strong>ad</strong></span> <span class='ocrx_word' id='word_1_98' title='bbox 1033 2929 1170 2981; x_wconf 87' lang='lat' dir='ltr'><strong>sermo-</strong></span> 
     </span>
     <span class='ocr_line' id='line_1_16' title="bbox 157 3018 1169 3120; baseline 0.002 -26"><span class='ocrx_word' id='word_1_99' title='bbox 157 3022 376 3095; x_wconf 84' lang='lat' dir='ltr'><strong>cinationem</strong></span> <span class='ocrx_word' id='word_1_100' title='bbox 391 3021 555 3093; x_wconf 83' lang='lat' dir='ltr'><strong>videlicet</strong></span> <span class='ocrx_word' id='word_1_101' title='bbox 572 3019 666 3092; x_wconf 88' lang='lat' dir='ltr'><strong>etad</strong></span> <span class='ocrx_word' id='word_1_102' title='bbox 679 3018 846 3118; x_wconf 87' lang='lat' dir='ltr'><strong>epistolas</strong></span> <span class='ocrx_word' id='word_1_103' title='bbox 863 3020 1026 3092; x_wconf 87' lang='lat' dir='ltr'><strong>attinent.</strong></span> <span class='ocrx_word' id='word_1_104' title='bbox 1046 3023 1169 3120; x_wconf 89' lang='lat' dir='ltr'><strong>ltaque</strong></span> 
     </span>
     <span class='ocr_line' id='line_1_17' title="bbox 158 3129 1169 3232; baseline 0.001 -26"><span class='ocrx_word' id='word_1_105' title='bbox 158 3134 223 3232; x_wconf 87' lang='lat' dir='ltr'><strong>qui</strong></span> <span class='ocrx_word' id='word_1_106' title='bbox 239 3149 342 3208; x_wconf 77' lang='lat' dir='ltr'><strong>autea</strong></span> <span class='ocrx_word' id='word_1_107' title='bbox 358 3132 466 3205; x_wconf 83' lang='lat' dir='ltr'><strong>nobis</strong></span> <span class='ocrx_word' id='word_1_108' title='bbox 483 3129 599 3204; x_wconf 88' lang='lat' dir='ltr'><strong>dictus</strong></span> <span class='ocrx_word' id='word_1_109' title='bbox 615 3145 681 3225; x_wconf 80' lang='lat' dir='ltr'><strong>est,</strong></span> <span class='ocrx_word' id='word_1_110' title='bbox 699 3145 820 3230; x_wconf 80' lang='lat' dir='ltr'><strong>neque</strong></span> <span class='ocrx_word' id='word_1_111' title='bbox 837 3133 868 3205; x_wconf 91' lang='lat' dir='ltr'><strong>is</strong></span> <span class='ocrx_word' id='word_1_112' title='bbox 890 3133 997 3206; x_wconf 87' lang='lat' dir='ltr'><strong>luisse</strong></span> <span class='ocrx_word' id='word_1_113' title='bbox 1016 3136 1079 3232; x_wconf 89' lang='lat' dir='ltr'><strong>qui</strong></span> <span class='ocrx_word' id='word_1_114' title='bbox 1092 3135 1169 3208; x_wconf 91' lang='lat' dir='ltr'><strong>elo·</strong></span> 
     </span>
     <span class='ocr_line' id='line_1_18' title="bbox 159 3240 1170 3347; baseline 0 -27"><span class='ocrx_word' id='word_1_115' title='bbox 159 3248 358 3346; x_wconf 79' lang='lat' dir='ltr'><strong>quantiam,</strong></span> <span class='ocrx_word' id='word_1_116' title='bbox 369 3243 474 3317; x_wconf 89' lang='lat' dir='ltr'><strong>Tullii</strong></span> <span class='ocrx_word' id='word_1_117' title='bbox 489 3257 525 3316; x_wconf 91' lang='lat' dir='ltr'><strong>et</strong></span> <span class='ocrx_word' id='word_1_118' title='bbox 539 3246 647 3317; x_wconf 83' lang='lat' dir='ltr'><strong>etiam</strong></span> <span class='ocrx_word' id='word_1_119' title='bbox 657 3245 868 3333; x_wconf 85' lang='lat' dir='ltr'><strong>Quintiliani</strong></span> <span class='ocrx_word' id='word_1_120' title='bbox 882 3269 997 3339; x_wconf 88' lang='lat' dir='ltr'><strong>more,</strong></span> <span class='ocrx_word' id='word_1_121' title='bbox 1012 3240 1170 3347; x_wconf 91' lang='lat' dir='ltr'><strong>philoso-</strong></span> 
     </span>
     <span class='ocr_line' id='line_1_19' title="bbox 158 3356 1171 3460; baseline -0.002 -26"><span class='ocrx_word' id='word_1_122' title='bbox 158 3361 253 3460; x_wconf 84' lang='lat' dir='ltr'><strong>phiae</strong></span> <span class='ocrx_word' id='word_1_123' title='bbox 271 3359 431 3459; x_wconf 85' lang='lat' dir='ltr'><strong>quodam</strong></span> <span class='ocrx_word' id='word_1_124' title='bbox 447 3358 584 3430; x_wconf 87' lang='lat' dir='ltr'><strong>lumine</strong></span> <span class='ocrx_word' id='word_1_125' title='bbox 608 3356 853 3453; x_wconf 77' lang='lat' dir='ltr'><strong>illustraverit,</strong></span> <span class='ocrx_word' id='word_1_126' title='bbox 872 3381 991 3458; x_wconf 89' lang='lat' dir='ltr'><strong>neque</strong></span> <span class='ocrx_word' id='word_1_127' title='bbox 1006 3359 1171 3432; x_wconf 88' lang='lat' dir='ltr'><strong>christia-</strong></span> 
     </span>
     <span class='ocr_line' id='line_1_20' title="bbox 159 3467 1170 3548; baseline -0.002 0"><span class='ocrx_word' id='word_1_128' title='bbox 159 3495 294 3548; x_wconf 88' lang='lat' dir='ltr'><strong>norum</strong></span> <span class='ocrx_word' id='word_1_129' title='bbox 317 3493 353 3545; x_wconf 84' lang='lat' dir='ltr'><strong>tr</strong></span> <span class='ocrx_word' id='word_1_130' title='bbox 379 3471 498 3545; x_wconf 82' lang='lat' dir='ltr'><strong>saeculi</strong></span> <span class='ocrx_word' id='word_1_131' title='bbox 528 3467 720 3543; x_wconf 84' lang='lat' dir='ltr'><strong>doctorum</strong></span> <span class='ocrx_word' id='word_1_132' title='bbox 748 3474 1004 3546; x_wconf 85' lang='lat' dir='ltr'><strong>fecunditatem</strong></span> <span class='ocrx_word' id='word_1_133' title='bbox 1033 3487 1068 3546; x_wconf 86' lang='lat' dir='ltr'><strong>et</strong></span> <span class='ocrx_word' id='word_1_134' title='bbox 1096 3475 1170 3547; x_wconf 82' lang='lat' dir='ltr'><strong>uim</strong></span> 
     </span>
     <span class='ocr_line' id='line_1_21' title="bbox 160 3583 1172 3685; baseline 0.001 -27"><span class='ocrx_word' id='word_1_135' title='bbox 160 3586 365 3685; x_wconf 69' lang='lat' dir='ltr'><strong>aequavisset,</strong></span> <span class='ocrx_word' id='word_1_136' title='bbox 381 3584 498 3658; x_wconf 88' lang='lat' dir='ltr'><strong>sedin</strong></span> <span class='ocrx_word' id='word_1_137' title='bbox 514 3583 603 3656; x_wconf 88' lang='lat' dir='ltr'><strong>illud</strong></span> <span class='ocrx_word' id='word_1_138' title='bbox 617 3584 734 3655; x_wconf 85' lang='lat' dir='ltr'><strong>solum</strong></span> <span class='ocrx_word' id='word_1_139' title='bbox 747 3585 964 3676; x_wconf 86' lang='lat' dir='ltr'><strong>incubuisse,</strong></span> <span class='ocrx_word' id='word_1_140' title='bbox 980 3595 1021 3656; x_wconf 90' lang='lat' dir='ltr'><strong>ut</strong></span> <span class='ocrx_word' id='word_1_141' title='bbox 1035 3605 1056 3658; x_wconf 89' lang='lat' dir='ltr'><strong>e</strong></span> <span class='ocrx_word' id='word_1_142' title='bbox 1072 3597 1172 3659; x_wconf 83' lang='lat' dir='ltr'><strong>vete-</strong></span> 
     </span>
     <span class='ocr_line' id='line_1_22' title="bbox 161 3693 1171 3798; baseline -0.001 -26"><span class='ocrx_word' id='word_1_143' title='bbox 161 3693 655 3797; x_wconf 63' lang='lat' dir='ltr'><strong>ribusdicencli‘seriptorihus</strong></span> <span class='ocrx_word' id='word_1_144' title='bbox 666 3709 855 3798; x_wconf 76' lang='lat' dir='ltr'><strong>praecepta,</strong></span> <span class='ocrx_word' id='word_1_145' title='bbox 871 3696 973 3770; x_wconf 89' lang='lat' dir='ltr'><strong>nullo</strong></span> <span class='ocrx_word' id='word_1_146' title='bbox 982 3698 1058 3795; x_wconf 69' lang='lat' dir='ltr'><strong>iam</strong></span> <span class='ocrx_word' id='word_1_147' title='bbox 1068 3716 1171 3798; x_wconf 85' lang='lat' dir='ltr'><strong>paene</strong></span> 
     </span>
     <span class='ocr_line' id='line_1_23' title="bbox 163 3805 1169 3911; baseline 0.001 -28"><span class='ocrx_word' id='word_1_148' title='bbox 163 3812 204 3884; x_wconf 91' lang='lat' dir='ltr'><strong>in</strong></span> <span class='ocrx_word' id='word_1_149' title='bbox 220 3835 288 3884; x_wconf 90' lang='lat' dir='ltr'><strong>usu</strong></span> <span class='ocrx_word' id='word_1_150' title='bbox 303 3811 400 3911; x_wconf 87' lang='lat' dir='ltr'><strong>apud</strong></span> <span class='ocrx_word' id='word_1_151' title='bbox 418 3829 590 3911; x_wconf 86' lang='lat' dir='ltr'><strong>paganos,</strong></span> <span class='ocrx_word' id='word_1_152' title='bbox 610 3810 824 3884; x_wconf 81' lang='lat' dir='ltr'><strong>adverbum</strong></span> <span class='ocrx_word' id='word_1_153' title='bbox 842 3811 1068 3903; x_wconf 81' lang='lat' dir='ltr'><strong>transferret,</strong></span> <span class='ocrx_word' id='word_1_154' title='bbox 1087 3813 1116 3883; x_wconf 88' lang='lat' dir='ltr'><strong>is</strong></span> <span class='ocrx_word' id='word_1_155' title='bbox 1132 3805 1169 3884; x_wconf 88' lang='lat' dir='ltr'><strong>ln</strong></span> 
     </span>
     <span class='ocr_line' id='line_1_24' title="bbox 163 3922 1173 4020; baseline 0.003 -24"><span class='ocrx_word' id='word_1_156' title='bbox 163 3923 324 4000; x_wconf 85' lang='lat' dir='ltr'><strong>firmiore</strong></span> <span class='ocrx_word' id='word_1_157' title='bbox 337 3924 488 4019; x_wconf 74' lang='lat' dir='ltr'><strong>ddude,</strong></span> <span class='ocrx_word' id='word_1_158' title='bbox 507 3940 547 3997; x_wconf 89' lang='lat' dir='ltr'><strong>ut</strong></span> <span class='ocrx_word' id='word_1_159' title='bbox 562 3922 611 3998; x_wconf 90' lang='lat' dir='ltr'><strong>ita</strong></span> <span class='ocrx_word' id='word_1_160' title='bbox 628 3923 767 4020; x_wconf 88' lang='lat' dir='ltr'><strong>dicam,</strong></span> <span class='ocrx_word' id='word_1_161' title='bbox 789 3923 869 3998; x_wconf 85' lang='lat' dir='ltr'><strong>solo</strong></span> <span class='ocrx_word' id='word_1_162' title='bbox 884 3925 1066 3999; x_wconf 89' lang='lat' dir='ltr'><strong>consistet.</strong></span> <span class='ocrx_word' id='word_1_163' title='bbox 1082 3925 1173 3999; x_wconf 76' lang='lat' dir='ltr'><strong>llam</strong></span> 
     </span>
    </p>
   </div>
   <div class='ocr_carea' id='block_1_8' title="bbox 204 4158 650 4231">
    <p class='ocr_par' dir='ltr' id='par_1_8' title="bbox 204 4158 650 4231">
     <span class='ocr_line' id='line_1_25' title="bbox 204 4158 650 4231; baseline -0.004 -13"><span class='ocrx_word' id='word_1_164' title='bbox 204 4164 236 4218; x_wconf 86' lang='lat' dir='ltr'><strong>l.</strong></span> <span class='ocrx_word' id='word_1_165' title='bbox 258 4163 304 4219; x_wconf 86' lang='lat' dir='ltr'><strong>De</strong></span> <span class='ocrx_word' id='word_1_166' title='bbox 315 4158 390 4218; x_wconf 78' lang='lat' dir='ltr'><strong>Viet.</strong></span> <span class='ocrx_word' id='word_1_167' title='bbox 404 4158 556 4231; x_wconf 70' lang='lat' dir='ltr'><strong>libatoria,</strong></span> <span class='ocrx_word' id='word_1_168' title='bbox 570 4179 650 4216; x_wconf 78' lang='lat' dir='ltr'><strong>cxxc.</strong></span> 
     </span>
    </p>
   </div>
   <div class='ocr_carea' id='block_1_9' title="bbox 0 0 1462 5056">
    <p class='ocr_par' dir='ltr' id='par_1_9' title="bbox 0 0 1462 5056">
     <span class='ocr_line' id='line_1_26' title="bbox 0 0 1462 5056; baseline 0 0"><span class='ocrx_word' id='word_1_169' title='bbox 0 0 1462 5056; x_wconf 95' lang='lat' dir='ltr'><strong> </strong></span> 
     </span>
    </p>
   </div>
  </div>
 </body>
</html>
