2866 5056
605 424 802 502 ..Η-

202 576 436 673 aperuerunt,
456 575 648 673 inquiram,
663 599 771 673 quam
780 573 882 673 quod
901 574 948 646 ad
963 575 1112 648 diffusos
1123 567 1203 648 ubi·

201 710 274 785 que
290 690 326 762 in
345 713 454 790 opere
470 713 536 761 suo
552 690 705 761 rhetoris
721 689 835 761 nostri
851 687 1000 761 haustus
1017 703 1152 788 spectat
1168 703 1204 762 et

201 817 299 874 recta
311 804 448 876 attinet.

248 903 354 987 Nunc
378 917 487 1012 igitur
502 916 548 988 ad
563 916 749 986 materiam
775 913 971 1010 aggrediar,
990 913 1035 986 ab
1054 917 1204 986 Herma·

201 1043 289 1124 gera
305 1050 468 1119 exorsus,
483 1031 566 1128 qui,
583 1029 712 1101 'ordine
726 1043 930 1128 temporum
945 1027 1084 1119 habitu,
1104 1029 1204 1100 Cice·

199 1157 330 1213 ionem
353 1144 549 1214 antecessit.
574 1147 628 1213 De
654 1167 727 1238 quo
759 1142 808 1213 ita
829 1142 943 1212 Maius
969 1139 1205 1214 eruditissima

200 1251 443 1351 disputatione
465 1255 602 1353 scripsit
610 1257 632 1347 ¹,
650 1268 691 1324 ut
714 1253 832 1351 primo
856 1251 949 1323 duos
968 1253 1204 1348 Hermagoras

200 1363 363 1436 tinctores
378 1365 621 1461 distingueret,
641 1389 797 1463 quorum
814 1367 934 1436 senior
952 1386 1037 1436 cum
1055 1363 1204 1437 Posido»

199 1477 263 1548 nio
279 1497 401 1550 coram
418 1481 590 1578 Pompeio
610 1501 741 1574 magno
763 1477 879 1549 Rhodi
895 1477 1069 1570 disseruit,
1080 1477 1205 1574 junior

198 1607 285 1661 itero
313 1595 470 1688 Augusto
493 1595 692 1691 imperante
723 1589 866 1682 floruit,
884 1613 926 1661 ae
958 1589 1089 1661 deinde
1117 1593 1204 1664 Hen-

199 1726 347 1799 magora
363 1705 501 1778 seniore
526 1707 577 1776 nti
593 1706 774 1776 Victorem
791 1703 963 1798 crederet,
976 1729 1018 1776 ex
1029 1705 1108 1803 ipso
1123 1705 1203 1778 rire·

200 1818 328 1890 torices
353 1819 474 1912 titulo,
507 1821 643 1917 inquo
671 1824 906 1915 Hermagoras
934 1833 1016 1891 ante
1048 1819 1202 1892 Tullium

198 1931 357 2028 ponitur.
379 1935 431 2004 Eo
449 1933 584 2005 facilius
609 1956 693 2002 cum
718 1929 897 2029 probabili
913 1932 996 2003 Maii
1013 1957 1202 2027 argumen-

199 2042 332 2114 tatione
349 2042 394 2115 de
410 2049 629 2142 Hermagora
641 2043 780 2115 seniore
797 2047 997 2133 consentio,
1015 2045 1116 2141 quod
1131 2046 1203 2143 ple·

198 2177 310 2252 raqne
322 2159 531 2229 Latinorum
544 2158 758 2254 scriptorum
771 2157 816 2229 de
830 2157 959 2228 eodem
969 2155 1103 2253 judicia
1118 2183 1203 2230 cum
1229 2161 1233 2168 '

198 2289 241 2339 ea
258 2270 428 2366 opinione
446 2271 671 2368 conspirant,
691 2295 801 2367 quam
822 2269 867 2342 de
883 2275 1102 2365 Hermagora
1117 2269 1203 2342 aile-

198 2396 283 2452 runt
293 2383 445 2455 Victoris
462 2383 665 2455 Rhetorices
678 2384 797 2471 initia,
815 2383 860 2454 ab
875 2384 968 2456 illius
977 2387 1204 2480 Hermagorae

199 2495 354 2566 oratoria
369 2511 444 2568 arte
469 2495 575 2595 plane
604 2510 640 2568 et
668 2498 853 2597 perspicue
884 2497 1082 2595 desumpta.
1115 2495 1203 2570 lnde

197 2605 431 2680 confirmatur
438 2609 542 2681 Tullii
548 2610 724 2706 judicium
732 2614 755 2700 ¹,
770 2610 829 2682 cui
843 2629 861 2676 t<
874 2615 1108 2708 Hermagoras
1120 2611 1204 2681 satis

197 2718 235 2788 in
256 2735 348 2814 arte,
367 2747 479 2820 quam
495 2722 628 2816 edidit,
646 2721 789 2794 videtur
814 2747 857 2793 es
887 2722 1044 2819 antiquis
1067 2721 1204 2794 artibus

197 2830 380 2927 ingeniose
408 2848 445 2907 et
472 2834 660 2932 diligenter
686 2836 815 2906 electas
842 2860 899 2905 res
927 2833 1137 2923 collocasse,
1168 2847 1204 2906 et

197 2945 365 3020 nonnihil
382 2948 457 3046 ipse
474 2973 620 3048 quoque
644 2949 730 3022 novi
753 2947 958 3047 protulisse.
977 2977 994 3013 r
1014 2948 1127 3019 Simul
1141 2971 1205 3020 au·

197 3067 270 3128 tem
283 3078 303 3130 e
317 3060 469 3133 Victoris
486 3063 702 3160 compendio
719 3076 866 3161 apparet
877 3062 978 3160 quod
991 3063 1040 3134 ait
1054 3060 1201 3153 Tullius,

198 3193 328 3270 nempe
340 3177 595 3270 Hermagoram
611 3176 793 3248 rhetorem
804 3177 1068 3275 precipientem
1081 3175 1201 3267 fuisse,

197 3305 272 3355 non
291 3300 533 3379 oratorem,et
552 3288 687 3360 idcirco
707 3289 808 3360 sacile
820 3303 1123 3361 commonstretur
1139 3309 1204 3360 cur

197 3398 413 3472 aridissimos
426 3405 652 3496 Hermagorae
664 3401 777 3473 libros
788 3417 914 3474 auctor
929 3402 974 3474 de
991 3402 1114 3476 Causis
1126 3423 1204 3472 con

196 3524 309 3610 ruptae
327 3513 537 3612 eloquentiae
554 3515 692 3612 optimo
707 3514 787 3610 jure
801 3514 931 3586 dixerit
944 3517 967 3584 ⁸.

236 3753 268 3814 1.
291 3747 399 3824 Heius,
414 3749 452 3810 de
466 3747 585 3812 Virron's
598 3755 765 3824 liturarios,
780 3767 850 3814 sart
863 3761 892 3813 et
905 3765 975 3813 arr.

236 3836 267 3896 2.
291 3838 366 3914 eiu,
380 3844 609 3914 dehortatione,
623 3848 653 3916 1,
668 3843 698 3901 6.

235 3921 266 3988 3.
290 3933 360 4011 Cap.
376 3941 438 3991 xrx.
461 3935 507 3993 cf.
526 3933 563 3994 de
582 3939 762 4013 Hermagora
781 3935 953 4012 Hieronym.
978 3951 1025 4012 ep.
1048 3953 1121 4007 mn,
1149 3936 1199 3994 10.

194 4020 313 4094 Senes„
334 4026 475 4097 Conana,
493 4028 525 4097 1,
546 4029 559 4082 1
584 4037 613 4084 et
631 4025 742 4104 praelat.
758 4024 811 4088 lib.
828 4028 881 4083 111.
902 4022 1024 4098 Quintil.
1038 4026 1093 4096 III,
1109 4026 1146 4096 1,
1165 4025 1200 4098 3,

193 4111 225 4168 5.
245 4110 300 4172 Ed.
315 4113 454 4191 capper„
469 4133 520 4192 pp.
543 4117 597 4187 60,
617 4115 694 4186 121,
712 4129 790 4192 sqq„
819 4115 894 4185 120,
922 4115 996 4184 201,
1023 4114 1100 4185 319,
1125 4113 1200 4188 320,

193 4201 546 4275 surannae-sar.
810 4235 813 4240 ·
1037 4217 1039 4222 ·
