2866 5056
683 361 887 444 ’,50-

278 519 435 600 cendere
446 515 681 608 liceat.Quod
692 515 722 590 si
734 531 939 591 nosternon
954 515 1133 612 eamdem,
1148 547 1221 622 qua
1232 522 1290 600 Ci-
1410 564 1415 588 a

279 659 363 710 cero
376 648 413 728 et
422 632 564 724 Fabius,
573 653 684 730 graece
696 629 911 730 scriptorum
920 627 1097 705 librorum
1106 633 1290 712 scientiam

278 743 462 848 percellet,
479 743 596 818 isnon
612 741 737 816 saltem
751 740 925 816 dicendus
937 755 989 815 est
998 758 1160 819 veterum
1176 744 1292 826 Latini
1368 767 1371 774 ’
1416 759 1417 796 t

278 857 457 934 sermonis
468 855 674 958 principum
687 855 835 954 vestigia
851 852 1059 954 neglexisse,
1072 857 1151 952 sed,
1165 882 1293 962 quam·

279 974 333 1047 vis
348 997 405 1064 ea,
423 995 498 1046 non
522 968 641 1044 minus
660 991 771 1070 quam
793 969 923 1042 Statius
948 970 1115 1063 AEneida,
1141 973 1294 1052 adorare
1330 1046 1332 1050 .

278 1083 457 1177 videatur,
474 1083 546 1156 suis
565 1079 788 1180 temporibus
804 1080 842 1151 in
860 1079 936 1152 dies
955 1098 1175 1159 crescentem
1197 1079 1292 1163 Gree-

280 1215 331 1266 cae
347 1192 478 1289 linguae
493 1205 683 1262 auctorum
697 1189 860 1287 ipsorum
874 1189 1092 1266 incuriosam
1110 1197 1293 1271 tractatio·

279 1329 365 1381 nem
382 1329 459 1378 esse
471 1327 545 1402 ,pro
562 1301 656 1376 virili
672 1311 772 1401 parte
787 1317 1006 1400 persecutus.

330 1417 427 1507 Quid
439 1415 700 1515 quodVictoris
713 1407 773 1486 ille
789 1434 883 1504 mos,
899 1439 972 1512 quo
986 1413 1200 1517 plerumque
1212 1417 1292 1497 ὡς.

281 1531 396 1606 torica
426 1553 576 1630 quaeque
609 1528 740 1600 Graecis
767 1526 955 1600 vocabulis
983 1527 1157 1626 significat
1187 1531 1295 1610 latine

282 1643 439 1742 scriptis,
453 1643 663 1740 neutiquam
676 1665 720 1712 eo
733 1662 791 1740 me
804 1637 965 1730 adducit,
980 1653 1021 1713 ut
1030 1643 1197 1743 colligam
1212 1645 1296 1722 inde

283 1759 424 1828 Graecas
443 1754 577 1826 litteras
590 1779 610 1826 a
624 1752 761 1824 Gallico
780 1765 906 1846 nostro
925 1751 1070 1829 rhetore
1093 1755 1298 1856 frequenta-
1418 1751 1419 1758 ἵ

284 1883 339 1943 tas
351 1867 462 1940 'ossei
479 1871 614 1940 Contra
627 1877 748 1938 autem
758 1863 848 1936 nihil
864 1864 949 1968 inde
963 1865 1058 1940 aliud
1074 1871 1225 1944 rationis
1238 1875 1297 1944 in·

283 1981 410 2073 feram,
432 1981 502 2052 nisi
524 1979 624 2077 quod
650 1982 858 2050 Graecorum
880 1978 1056 2053 vocabula
1078 1996 1156 2054 tum
1173 1984 1297 2080 rheto-

285 2093 383 2184 ricis,
403 2104 480 2164 tum
500 2091 723 2164 didascalicis
739 2091 865 2171 ceteris
881 2085 1016 2163 artibus
1032 2095 1185 2166 omnino
1200 2108 1296 2194 apta,

285 2205 423 2280 ideirco
445 2231 466 2278 a
485 2207 629 2278 Victore
649 2227 715 2275 usu
734 2193 836 2301 capta
855 2203 943 2295 sint,
965 2205 1049 2302 quia
1066 2204 1205 2302 vulgari
1224 2209 1299 2305 jam

288 2333 325 2392 et
342 2317 509 2391 obsoleto
525 2319 563 2388 in
581 2316 713 2389 scholis
734 2311 920 2387 rhetorum
937 2339 1040 2390 more
1059 2317 1226 2392 adhiberi
1243 2345 1301 2394 so-

288 2426 424 2503 lebant.
446 2433 490 2502 Et
507 2443 646 2501 tantum
673 2427 774 2501 abest
796 2441 836 2499 ut
860 2451 902 2500 ex
920 2452 963 2501 ea
979 2431 1131 2503 Victoris
1152 2445 1303 2507 eonsue-

289 2541 415 2616 tudine
443 2537 640 2642 spectantia
663 2538 709 2612 ad
736 2538 931 2612 rhetorices
957 2525 1149 2615 artificium
1177 2547 1301 2619 Grmc'a
1420 2571 1421 2608 t

291 2654 466 2729 vocabula
478 2653 585 2725 latine
602 2650 794 2740 scribendi,
815 2653 1031 2724 concludam
1044 2657 1303 2732 acriterVicto·

292 2793 370 2842 rem
383 2794 404 2841 e
419 2770 626 2839 Graecorum
641 2763 799 2838 lontibus
810 2764 983 2857 hausisse,
1003 2779 1044 2838 ut
1060 2783 1187 2841 contra
1201 2793 1245 2843 ex
1262 2795 1303 2843 ea

293 2904 401 2957 eausa
422 2879 594 2979 suspicari
609 2878 718 2951 libeat
730 2933 739 2970 ,
751 2879 966 2980 promiscua
986 2881 1101 2954 Graeci
1125 2893 1162 2954 et
1189 2883 1304 2957 Latini

295 2993 470 3066 sermonis
497 2992 566 3063 ista
592 2991 796 3063 colluvione
814 2991 915 3062 illum
932 2989 999 3086 nti,
1017 3013 1090 3092 qua
1107 2997 1218 3070 ceteri
1243 3013 1305 3070 aut

295 3101 421 3177 saltem
445 3103 607 3201 plerique
628 3103 790 3177 rhetores
814 3105 930 3177 Latini
960 3107 1015 3180 usi
1047 3123 1166 3201 erant,
1194 3128 1305 3208 quam

297 3230 418 3292 autem
435 3217 560 3288 Cicero
581 3229 746 3290 accurate
768 3215 902 3317 elingit.
921 3218 1054 3293 Tullius
1080 3220 1194 3317 enim,
1213 3241 1306 3324 pra·

298 3329 423 3404 sertim
447 3329 485 3400 in
506 3325 757 3428 pulcherrimis
778 3331 820 3403 iis
844 3331 890 3403 de
906 3333 1059 3406 Oratore
1075 3331 1193 3428 libris,
1213 3355 1308 3435 quos

295 3440 513 3544 juvenilibus
530 3443 578 3516 de
594 3444 773 3517 rhetorica
788 3459 864 3516 arte
881 3447 1185 3521 commentariolis
1201 3450 1308 3548 longe

299 3557 515 3656 anteposuit,
535 3578 646 3654 quam
661 3557 839 3629 rarissime
855 3557 1063 3631 Graecorum
1079 3559 1189 3635 verba
1204 3561 1308 3635 adlri-

300 3669 381 3760 bet,
401 3692 443 3742 ac
461 3667 694 3743 libentissime
719 3671 853 3743 Latinis
870 3671 1054 3746 vocabulis
1077 3694 1159 3748 suas
1182 3695 1310 3749 omnes

302 3781 496 3855 sententias
516 3777 677 3880 designat
702 3792 738 3854 et
763 3779 929 3882 explicat.
956 3787 1036 3884 Ipse
1056 3781 1199 3872 Fabius,
1226 3785 1310 3860 licet

303 3896 430 3993 saepius
442 3894 518 3991 jam
534 3894 581 3967 ad
597 3895 895 3990 consuetudinem
916 3897 1021 3970 istam
1037 3911 1176 3998 vergat,
1200 3916 1310 3998 quam

305 4009 480 4081 continuo
493 4018 571 4080 tum
584 4011 718 4098 Victor,
741 4023 818 4082 turn
835 4012 1052 4085 recentiores
1066 4013 1228 4086 rhetores
1246 4009 1309 4084 ha·

304 4122 477 4214 buerunt,
493 4123 605 4194 multa
627 4124 823 4198 rhetorices
845 4141 1022 4226 praecepta
1042 4129 1173 4202 Graeois
1192 4126 1312 4202 nomi-
