2866 5056
522 405 719 493 —69-··3

119 553 233 650 magis
249 555 443 630 necessaria
461 556 628 630 Romanis
650 557 726 628 visa
747 555 802 628 sit.
825 559 986 655 Namque
1004 581 1118 654 quan·

120 677 198 740 tum
218 669 436 742 contentioni
455 669 492 740 in
510 667 732 767 eloquendo,
751 668 788 740 in
805 666 1059 762 concionibus,
1079 671 1117 744 in

119 795 263 874 senatu,
291 782 329 854 in
350 782 494 880 judiciis
520 781 719 884 praestantia
741 795 776 854 et
796 780 905 854 decus
931 783 1121 856 imminuta

120 909 238 986 erant,
254 921 295 968 ac
306 921 407 995 paene
419 897 526 970 etiam
542 895 697 992 denique
710 892 863 987 sublata,
876 896 1121 970 tantumiuaui

119 1003 315 1078 verborum
330 1007 412 1079 luco
430 1021 467 1078 et
481 1006 601 1079 sonitu
617 1004 795 1101 defatigati
815 1005 928 1077 animi
942 1006 1121 1080 excelsum

121 1115 265 1190 dicendi
292 1143 404 1214 genus
428 1118 560 1192 sensim
584 1117 875 1217 repudiaverunt,
902 1115 1003 1216 quod
1024 1115 1120 1213 jam,

119 1253 195 1301 non
220 1229 424 1328 subjacente
455 1230 571 1304 litium
603 1231 772 1329 gravitate
801 1243 837 1303 et
865 1231 1122 1304 sententiarum

120 1341 299 1440 pondere,
316 1343 405 1415 nihil
416 1343 483 1414 nisi
500 1342 819 1417 declamationibus
832 1343 1015 1416 materiam
1031 1368 1127 1441 prae-

119 1452 241 1526 bebat.
272 1458 404 1527 Contra
425 1469 563 1549 autem,
590 1454 678 1528 dum
702 1457 853 1530 nimium
885 1454 1058 1554 quiddam
1084 1456 1121 1528 in

122 1570 286 1640 oratione
298 1569 440 1666 grandi,
450 1569 645 1642 verborum
657 1570 834 1666 jactantiae
845 1582 880 1641 et
891 1569 1124 1642 affectationis

120 1680 228 1753 tae'dio
254 1682 416 1780 impulsi,
446 1683 643 1781 fugiebant,
671 1683 708 1754 in
737 1682 889 1754 nimium
921 1680 1124 1779 gracilitatis

121 1793 334 1892 quotidiano
351 1797 507 1867 sermoni
523 1795 646 1867 similis
659 1795 816 1868 studium
833 1793 989 1894 abrepti,
1008 1794 1123 1893 splen-

122 1907 249 1980 dorem
264 1931 410 1980 omnem
421 1907 600 1980 immerito
613 1907 657 1979 de
669 1905 786 1979 media
802 1905 1007 2003 eloquentia
1019 1906 1124 1981 tolle-

120 2019 222 2092 bant.

542 2224 701 2238 μω...-

181 2424 246 2508 3²·
260 2426 329 2499 Quae
338 2426 370 2484 C.
380 2423 474 2484 Julius
483 2422 582 2483 Victor
590 2421 626 2483 de
635 2420 873 2483 sermocinatione
881 2421 1064 2502 praeceperit.

171 2628 242 2700 Sed
258 2643 452 2725 utcumque
476 2651 514 2697 se
535 2625 613 2696 haec
634 2621 811 2712 habeant,
833 2615 907 2721 jam
931 2622 978 2695 ad
1005 2624 1124 2722 ipsum

122 2741 276 2812 Victoris
286 2741 331 2812 de
343 2739 640 2811 sermocinatione
655 2751 762 2836 caput
773 2737 891 2836 primo
903 2737 940 2808 in
958 2737 1125 2810 ordinem

122 2869 157 2926 et
173 2855 219 2927 ad
236 2853 388 2926 litteram
403 2849 698 2944 describendum,
711 2849 841 2921 deinde
854 2839 972 2922 autern
991 2847 1125 2944 dijudi-

121 2969 281 3041 candum
309 2982 344 3039 ct
371 2992 455 3040 curn
475 2965 562 3039 locis
588 2965 631 3037 iis
655 2962 786 3063 quibus
811 2961 938 3036 similia
960 2961 1125 3062 quaedam

121 3083 305 3154 contineat
320 3077 598 3169 conserendum,
617 3079 816 3150 veniamus.

174 3191 502 3284 «sermocinandi,
530 3192 580 3262 ait
594 3197 624 3283 ¹,
646 3192 759 3283 ratio,
786 3215 860 3262 nou
884 3189 919 3260 in
937 3188 1127 3287 postremis

121 3305 289 3378 habenda
306 3320 371 3376 est.
391 3309 435 3376 Et
452 3302 599 3400 quidem
619 3303 794 3376 sermonis
814 3326 899 3373 usus
920 3300 1034 3372 multo
1055 3301 1128 3372 fre·

123 3419 291 3516 quentior
313 3443 422 3516 quarn
451 3415 622 3488 orationis
647 3430 710 3488 est.
734 3415 844 3510 lgitur
872 3413 1046 3485 sermonis
1074 3427 1132 3486 est

122 3533 236 3602 virtus
252 3530 424 3626 elegantia
436 3530 512 3601 sine
527 3527 776 3599 ostentatione.
788 3525 906 3597 Verba
916 3527 985 3596 sint
996 3525 1131 3616 electa,

123 3645 276 3716 honesta
303 3644 413 3741 magis
431 3666 540 3740 quam
566 3639 751 3729 sonantia,
776 3663 898 3738 paucae
920 3637 1135 3710 translatio-

124 3783 201 3850 nes,
222 3781 338 3856 neque
355 3755 410 3828 hae
428 3755 496 3827 alte
513 3754 643 3853 petitae,
663 3751 804 3824 modica
821 3750 1032 3849 antiquitas,
1052 3750 1135 3824 sine

125 3867 248 3964 figuris
278 3866 498 3963 insignibus,
539 3863 615 3936 sine
649 3879 824 3938 structura
860 3863 1019 3956 leniore,
1053 3862 1129 3936 sine

125 3980 298 4078 periodo,
328 3981 403 4052 sine
424 3977 703 4074 enthymemate3
724 3978 879 4080 denique
900 3977 1017 4048 omnis
1041 3975 1131 4047 rhe-

167 4169 196 4226 r.
220 4167 252 4226 c.
268 4168 294 4228 r.
311 4126 629 4242 vtcr.,'cap.xxv1,'p.
646 4165 788 4224 tal-na.
