2866 5056
562 369 612 384 ...
635 329 676 400 41
708 369 757 384 ...

160 479 284 552 decori
294 476 568 552 commendandi
581 503 717 568 curam,
731 503 804 550 uon
814 477 1111 576 minus'quamob
1121 503 1163 550 ea

160 616 240 688 quae
250 584 460 687 conjectavit
471 593 596 682 Maius,
611 591 733 664 Victor
742 589 1104 690 luisse'patriaGallus
1114 593 1163 664 vi·

160 703 299 776 deatur.
323 709 362 774 ln
380 729 450 800 qua
464 727 595 800 nempe
612 717 707 774 terra
719 717 819 775 tanto
832 705 919 776 olim
935 705 1162 801 ingeniorum

158 832 338 914 proventu
351 817 512 908 ditanda,
525 818 616 888 iuter
628 829 763 888 ceteras
773 816 916 889 dicendi
932 831 967 888 ct
982 816 1162 889 scribendi

158 929 354 1022 facultates,
370 931 491 1001 nescio
508 952 586 1025 quae
599 927 724 1024 judicii
735 930 878 1019 sanitas,
897 943 932 999 et
943 929 1049 1024 hujus
1061 931 1160 1026 quod

157 1044 198 1114 in'
213 1044 311 1115 omui
330 1044 495 1116 oratione
511 1042 594 1114 satis
607 1041 778 1113 decorum
791 1033 836 1114 sit
849 1041 1067 1113 conscientia
1077 1068 1162 1139 prae·

155 1158 280 1228 sertim
309 1156 508 1247 eminebit,¹
526 1156 563 1225 in
591 1171 644 1226 ea¹
660 1153 835 1227 obscurus
866 1180 903 1226 1v
933 1168 1016 1254 post
1043 1152 1161 1225 Chris·

155 1285 236 1342 tum
253 1269 371 1368 saeculi
387 1270 512 1359 lrom0,
528 1268 642 1366 prima
655 1270 729 1365 jam
747 1282 783 1340 et
793 1268 981 1365 diligenter
999 1266 1161 1338 animad-

155 1381 338 1466 vertenda,
363 1382 516 1480 propriae
533 1380 639 1477 hujus
658 1380 785 1452 suturis
798 1381 896 1479 apud
914 1379 1037 1452 Gallos
1052 1379 1160 1480 scrip·

155 1494 295 1588 toribus
310 1495 449 1565 virtutis
466 1492 598 1564 iudicia
616 1493 852 1567 demonstrat.

204 1606 301 1693 Quid
318 1606 431 1703 quod,
450 1606 574 1677 eadem
593 1607 680 1678 recti
693 1632 706 1703 J
713 1607 818 1678 udicii
837 1621 873 1678 et
892 1607 1089 1706 incorrupti
1105 1631 1159 1678 se·

155 1720 304 1792 veritate
340 1720 547 1810 instinctus,
570 1737 759 1817 nusquam
775 1722 811 1792 iu
837 1719 931 1793 libro
960 1721 1161 1794 recentiora

132 1903 134 1907 .
155 1834 372 1931 scriptorum
390 1821 565 1931 exempla,
588 1859 698 1930 quam
717 1835 941 1924 Quintiliani,
969 1833 1159 1908 nominat?

156 1949 276 2031 Quare
292 1970 410 2042 neque
426 1947 591 2038 Senecas,
609 1971 727 2044 neque
745 1947 891 2036 Plinios,
909 1969 1027 2042 neque
1051 1951 1161 2017 Fron-

155 2071 280 2142 tonem
295 2057 395 2128 illum
413 2073 687 2150 commemorat,
697 2083 806 2155 quem
822 2073 942 2130 tamen
954 2059 1082 2130 Titiani
1094 2058 1161 2130 hu·

150 2169 210 2264 jus
227 2171 436 2266 magistrum
454 2170 558 2242 luisse
576 2172 733 2264 tradunt,
754 2172 858 2267 unius
872 2197 915 2242 ex
930 2170 986 2240 his
1003 2194 1160 2267 quorum

155 2297 332 2381 praecepta
343 2283 507 2380 quaedam
519 2285 674 2356 oratoria
683 2284 752 2355 sibi
766 2282 968 2355 vindicavit.
990 2287 1033 2354 At
1045 2284 1156 2372 euim,

155 2395 250 2468 dicat
275 2396 418 2493 aliquis,
452 2396 591 2468 nullum
624 2397 745 2469 Victor
779 2395 985 2468 recentioris
1021 2396 1161 2483 Quinti·

153 2509 251 2580 lia'uo
268 2511 449 2608 scriptoris
459 2511 662 2609 exemplum
675 2509 877 2610 proposuit,
889 2534 965 2580 non
983 2509 1081 2606 quod
1099 2534 1160 2582 au-

154 2620 273 2718 tiquos
285 2622 402 2694 solum
416 2622 595 2695 scribendi
609 2639 772 2694 auctores
787 2623 906 2719 magui
921 2617 1157 2711 aestimaverit,

156 2734 219 2806 sed
232 2735 319 2832 quia
330 2734 426 2806 nulla
439 2761 477 2806 se
487 2759 574 2807 ansa
586 2749 621 2806 et
631 2737 772 2807 occasio
782 2735 1157 2809 Victoriinrhetorico

154 2849 333 2920 breviario
347 2848 510 2948 praebuit,
523 2847 585 2920 ubi
604 2848 844 2927 recentiorum
860 2847 979 2944 aliqua
997 2847 1159 2945 exempla

153 2962 334 3057 allegaret.
350 2963 416 3034 Cui
427 2961 572 3060 quidem
590 2985 665 3034 non
682 2960 731 3033 ob
743 2971 822 3034 eam
835 2977 980 3034 causam
994 2961 1159 3059 opinioni

155 3078 347 3170 assentior,
367 3075 467 3174 quod
483 3075 625 3152 assidua
640 3075 788 3172 hujusce
812 3076 930 3174 operis
954 3060 1107 3148 lectione
1125 3088 1160 3146 et

155 3189 402 3284 disquisitione
427 3176 618 3260 exercitato
643 3189 733 3260 mihi
757 3190 870 3286 liquet
894 3189 1052 3260 sutorum
1074 3212 1171 3260 saue·

155 3305 277 3390 luisse,
302 3317 339 3374 ut
363 3325 624 3397 nonuunquam
647 3301 684 3372 iu
711 3316 886 3400 perpetuo
904 3301 980 3398 ejus
1004 3314 1158 3372 tractua

154 3405 414 3488 recentioribus
431 3416 561 3514 scripta
577 3413 741 3512 qoaedam
753 3416 934 3503 insereret,
949 3416 977 3492 si
994 3439 1058 3486 sua
1075 3437 1157 3484 eum

153 3532 206 3618 ad¹
222 3531 298 3602 lraec
317 3529 544 3603 inscribenda
560 3531 611 3604 ibi
627 3529 794 3602 voluntas
809 3529 1017 3626 impulisset.
1055 3599 1056 3602 ,

204 3649 360 3716 Caveaut
381 3645 477 3716 enim
496 3645 651 3741 legentes
667 3670 714 3718 ne
730 3645 767 3728 in
784 3645 935 3716 Victoris
952 3642 1159 3742 compendii

156 3775 284 3830 natura
295 3758 524 3855 dijudicanda
537 3758 718 3850 deerreut3
732 3757 832 3855 quod
847 3757 1008 3854 quidem,
1018 3771 1057 3828 ut
1070 3758 1158 3829 mira

156 3895 333 3968 nusquam
348 3871 448 3944 Fabii
459 3872 634 3970 Tulliiqne
650 3871 813 3945 ubertate
829 3872 999 3959 decurrit,
1015 3871 1065 3942 sic
1082 3896 1156 3943 non

155 4001 380 4058 tamcurtum
390 3984 485 4058 estet
496 3986 930 4078 minutum,utrlretoricis
940 3984 1155 4082 quibusdam
1258 3998 1259 4002 ’

155 4099 341 4172 breviariis
350 4100 501 4172 omuino
516 4098 773 4172 conserendum
786 4099 841 4172 sit.
857 4097 965 4187 Quod
982 4097 1011 4168 si
1029 4098 1066 4168 in
1084 4098 1158 4168 ani·
1185 4167 1187 4173 .
