2880 5058
694 382 890 454 ...92-

286 537 340 611 bit
357 551 391 610 et
410 549 544 607 naturae
564 523 734 620 rationes,
759 529 881 602 scribit
897 526 1058 626 quidem,
1079 541 1292 600 nontamen

288 649 473 751 epistolam
493 644 638 718 scribit:
662 644 843 743 expressio
863 641 959 714 enim
975 640 1140 738 quaedam
1160 642 1295 714 amoris
1417 633 1418 652 ³

287 762 391 835 debet
410 785 486 833 esse
501 757 663 856 epistola,
676 757 834 844 concisa,
844 770 879 827 et
894 755 940 826 de
958 752 1110 852 simplici
1127 779 1167 825 re
1183 780 1295 854 expo-

286 875 382 963 sitio,
397 886 431 944 et
443 875 478 942 in
497 868 948 968 nominibussimplicibus.
962 865 1197 938 Pulchritudo
1209 891 1295 940 sane

287 988 397 1087 ipsius
420 999 524 1057 erunt
541 986 634 1056 inter
650 985 784 1056 amicos
802 997 892 1081 aptae
904 981 1099 1070 blanditiae,
1118 994 1152 1053 et
1169 982 1297 1054 crebra
1420 1013 1421 1016 ¹

287 1098 477 1200 proverbia
494 1097 564 1168 illic
582 1096 734 1187 inclusa,
755 1097 839 1192 quia
856 1093 1030 1193 populare
1051 1092 1227 1192 quiddam
1244 1109 1298 1167 est

286 1211 522 1311 proverbium
552 1223 587 1282 et
616 1228 842 1280 commune:
871 1209 933 1305 qui
960 1221 1079 1280 autem
1105 1209 1297 1280 sententias

288 1324 375 1415 edit,
400 1337 435 1395 et
458 1322 583 1396 suadet
602 1322 749 1420 aliquid,
772 1347 846 1394 non
871 1322 904 1393 ei
921 1321 1045 1392 similis
1069 1335 1134 1410 est,
1153 1321 1218 1418 qui
1234 1345 1298 1419 per

289 1434 475 1533 epistolam
493 1434 681 1533 loquatur,
700 1435 763 1507 sed
776 1460 841 1534 per
858 1433 1076 1506 machinam.
1094 1432 1297 1506 Aristoteles

288 1573 373 1622 sane
398 1564 433 1621 et
460 1548 829 1644 demonstrationibus
848 1547 1066 1646 quibusdam
1080 1547 1169 1618 locis
1187 1547 1298 1618 utitur

288 1658 522 1757 epistolarum
552 1660 718 1756 propriis.
756 1662 830 1730 Ceu
858 1657 989 1729 docere
1015 1654 1166 1745 volens,
1198 1655 1298 1752 quod

287 1770 419 1843 eodem
446 1786 552 1868 pacto
579 1771 682 1842 decet
705 1770 880 1843 beneficia
902 1771 1066 1843 conferre
1089 1771 1126 1841 in
1151 1793 1299 1866 magnas

289 1882 449 1955 civitates
461 1884 543 1956 etin
559 1907 700 1982 parvas,
717 1885 856 1983 inquit:
877 1885 963 1954 «Dii
979 1884 1126 1958 enimin
1140 1884 1298 1980 utrisque

289 1997 456 2093 aequales.
493 2001 723 2096 Quapropter
748 1999 831 2094 quia
861 1997 990 2068 Gratiae
1019 1995 1117 2086 deae,
1145 1995 1298 2093 aequales

287 2112 556 2182 *constituentur
580 2135 600 2182 a
623 2125 658 2182 te
675 2112 771 2211 apud
790 2102 972 2209 utrasque.
986 2141 1003 2176 ν
1021 2111 1163 2182 Etenim
1180 2112 1298 2208 ipsum

290 2223 391 2322 quod
415 2224 684 2298 demonstratur
708 2225 866 2323 epistolae
891 2225 1295 2312 accommodatum-est,

291 2351 326 2409 et
339 2336 598 2410 demonstratio
614 2336 691 2408 haec
705 2339 793 2436 ipsa.
809 2339 903 2426 Quia
919 2353 1038 2410 autem
1051 2337 1300 2409 et‘civitatihus

290 2448 486 2545 aliquando
512 2464 547 2520 et
575 2447 717 2545 regibus
751 2449 983 2541 scribimus¹,
1020 2451 1092 2522 sint
1122 2474 1209 2522 sane
1245 2449 1300 2522 hae

291 2560 450 2660 epistolae
476 2560 585 2660 paulo
602 2563 765 2634 elatiores
791 2562 912 2660 aliquo
939 2562 1081 2634 modo:
1114 2563 1299 2637 attendere

291 2697 449 2772 namque
470 2689 613 2774 oportet
629 2691 665 2748 et
680 2699 873 2776 personam
889 2677 949 2748 cui
966 2675 1145 2748 scribitur.
1166 2675 1300 2747 Elatior

290 2813 376 2862 sane
395 2790 510 2883 luerit,
530 2816 605 2864 non
623 2805 743 2863 tamen
756 2805 797 2862 ut
807 2791 977 2862 volumen
992 2791 1036 2860 sit
1050 2814 1117 2891 pro
1133 2789 1294 2888 epistola,

292 2903 601 3000 quemadmodum
634 2906 693 2977 illa
724 2905 919 2977 Aristotelis
955 2904 1002 2975 ad
1035 2904 1296 2996 Alexandrum,

335 3173 364 3228 l.
386 3171 489 3246 Itaque
501 3168 653 3248 Antipater
665 3169 824 3248 sophistes,
837 3170 926 3228 homo
940 3170 977 3230 ab
991 3171 1119 3250 epistolis
1132 3173 1235 3231 Severi
1249 3173 1301 3232 im·

287 3259 448 3341 potatoris,
462 3279 479 3318 a
491 3258 664 3318 Philostrato
678 3261 774 3336 (Soph.
785 3262 846 3332 rit„
861 3260 913 3319 lib.
928 3265 967 3332 II,
982 3281 1047 3341 cap.
1065 3266 1150 3337 xxiv)
1167 3262 1301 3322 laudatur

293 3350 372 3430 quod
381 3351 411 3409 in
421 3350 455 3408 iis
469 3350 579 3408 clarum
591 3350 728 3429 quiddam
738 3351 910 3424 insonuerit,
923 3364 951 3410 et
962 3352 1078 3432 dignam
1089 3352 1222 3432 principe
1236 3373 1302 3432 per·

293 3460 393 3501 sonam
414 3441 545 3520 gesserit.
569 3469 581 3495 ν
594 3442 748 3524 Σαρήνειαὶν
762 3465 791 3500 τε
804 3443 855 3519 γὰρ
870 3439 904 3500 ιλ
918 3441 1048 3518 λεγόμενα
1065 3432 1119 3520 εἶχε
1138 3442 1183 3498 καὶ
1193 3444 1301 3518 γνωμῆς

297 3532 406 3605 μέγεθος
420 3530 466 3590 καὶ
480 3531 528 3604 τὴν
545 3532 687 3611 ἑρμηνειαν
702 3537 732 3591 ἐκ
746 3537 799 3591 τῶν
815 3532 952 3614 παρόντων
967 3533 1012 3590 καὶ
1025 3529 1069 3598 ξὺν
1081 3533 1163 3610 ἡδονῇ
1179 3531 1211 3588 τὸ
1224 3530 1301 3598 ἀξύν-

295 3621 378 3679 διτον·
391 3621 406 3680 δ
417 3621 448 3694 δὴ
458 3621 575 3699 μάλιστα
589 3623 730 3691 ἐπιστολὴν
740 3621 901 3700 λαμπρύνει.
913 3647 927 3673 ν
941 3625 1047 3682 Contra
1057 3634 1152 3680 autem
1163 3622 1302 3701 Aspaslus

295 3709 436 3786 sophistes
446 3730 463 3769 a
475 3711 648 3771 Philostrato
662 3713 744 3786 (ibid.
759 3717 799 3785 11,
815 3715 972 3787 xxxn1,3)
986 3709 1211 3790 reprehendimr
1224 3711 1302 3788 quod

225 3841 240 3860 ι
288 3797 468 3876 αΠαριλθὼν
492 3804 518 3867 ἐς
538 3803 584 3868 τὰς
604 3803 751 3880 βασιλείους
771 3801 928 3872 ἐπιστολὰς,
949 3800 997 3868 τὰς
1019 3801 1068 3876 μὲν
1087 3802 1301 3878 ἀγωνιστινιώτι·

298 3909 342 3970 ρον
351 3889 507 3955 τοῦδὲοντος
515 3890 669 3968 ἐπέστελλε,
678 3892 724 3956 τὰς
733 3891 788 3952 δὀὐ
799 3896 901 3972 σαφῶς,
910 3883 946 3951 ὧν
957 3893 1011 3950 οὐδ’
1021 3891 1108 3971 ἕτερον
1120 3890 1227 3971 βασιλεῖ
1239 3892 1303 3968 πρέ-

296 4001 354 4040 πον·
372 3977 543 4059 αὐτοκράτωρ
558 3980 608 4058 γλρ
619 3979 651 4052 δὴ
665 3979 740 4039 ὁπότ’
752 3984 902 4041 ἐπιστέλλοι
912 4030 920 4055 ,
932 3985 960 4040 οὗ
974 3983 1012 4040 δεῖ
1026 3980 1232 4058 ἐνθυμημάτων,
1249 3981 1300 4042 οὐδ’

296 4070 525 4150 ἐπιχειρημάτων,
542 4069 611 4130 ἀλλὰ
625 4069 714 4145 δόξης,
728 4072 923 4153 οὐδ’ἇσαρείας,
938 4071 1030 4145 ἐπειδὴ
1046 4072 1139 4148 νόμους
1149 4073 1300 4154 phimum,

296 4160 427 4243 σαφήνεια
442 4158 595 4242 δ’ἒρμηνεὺς
610 4165 704 4239 νόμον.
716 4189 729 4214 ν
