2880 5058
555 367 751 441 ...95-

145 514 340 590 nunnus
354 514 509 606 iert‚eas
521 540 601 612 quae
611 515 793 614 longiores
803 521 885 610 sint,
903 538 938 594 et
947 525 1097 620 quidam
1105 529 1153 604 de

145 629 295 704 diversis
306 627 412 700 rebus
420 644 600 723 tractatus,
613 631 659 702 ab
670 631 736 704 illis
749 659 837 731 quas
850 635 1037 710 familiares
1045 640 1149 734 dicit,

144 742 271 816 sedulo
281 741 487 839 distinguat.
498 746 621 840 ltaque
632 743 766 843 duplici
776 749 1008 845 epistolarum
1018 756 1147 850 specie,

144 881 256 954 quarn
270 854 320 926 ab
342 855 445 928 initio
461 857 587 954 capitis
599 861 811 957 proposuit,
830 865 952 936 omnia
969 888 1049 962 quae
1063 889 1150 940 oon-

143 972 215 1069 cipi
232 971 372 1068 possint
387 985 424 1042 ct
439 969 530 1042 ellici
544 971 744 1046 litterarum
770 999 899 1073 genera
917 981 1152 1078 comprehen-

143 1081 217 1173 dit;
237 1080 445 1170 etidcirco,
461 1096 502 1152 ut
527 1082 633 1154 nobis
659 1084 807 1181 quidem
839 1085 993 1178 videtur,
1025 1090 1150 1164 latiore
1236 1124 1238 1128 ·

142 1196 305 1293 quodam
313 1195 463 1268 verioris
470 1195 800 1289 doctrinaeambitu‚
813 1225 921 1298 quarn
932 1206 1146 1300 Demetrius,

142 1310 317 1382 Cicerone
326 1322 362 1380 et
371 1308 592 1398 Quintiliano
603 1307 771 1401 ducibus,
782 1328 924 1405 concta,
936 1317 1151 1413 perdivisio-
1264 1379 1276 1392 .

142 1445 352 1513 uemsuam,
365 1445 444 1517 quae
452 1421 498 1492 ad
508 1422 677 1518 epistolas
691 1438 866 1520 spectant,
880 1427 1088 1526 complexus
1097 1446 1151 1502 est

142 1537 357 1623 Victor.Qui
367 1559 411 1608 eo
421 1536 551 1606 rectius
561 1535 611 1606 ita
620 1553 795 1635 praecepta
806 1539 853 1610 ad
862 1543 1150 1639 variosepistola·
1266 1592 1272 1604 ·

141 1673 317 1722 rumusus
325 1646 627 1739 accommodavit,
640 1665 676 1720 et
686 1651 757 1722 ta'm
768 1651 893 1748 longas
903 1677 1013 1751 quam
1022 1657 1148 1734 breves

141 1761 468 1861 mcepit,modoue
479 1763 565 1834 iniis
573 1763 939 1861 epistolarisquaedarn
950 1768 1064 1842 forma
1071 1795 1151 1845 cor·

141 1891 382 1974 rumperetur,
391 1873 492 1972 quod
503 1899 612 1946 nemo
625 1875 901 1974 dissentietquio
916 1882 1148 1976 epistolarum

140 2006 202 2063 aut
212 1991 362 2086 longum
374 1984 435 2061 aut
448 1987 557 2060 breve
567 1989 721 2088 spatium
730 2015 807 2061 esse
817 1990 958 2080 debeat,
972 2011 1082 2090 prout
1092 2021 1148 2070 res

141 2104 188 2178 de
205 2103 336 2202 quibus
348 2103 463 2200 agitur
475 2102 599 2200 paucis
611 2103 802 2174 autmultis
817 2106 1037 2203 exponendae
1048 2126 1144 2184 suut.

141 2222 266 2316 ltaque
290 2216 478 2289 salsissime
496 2217 689 2313 Gregorius
705 2217 978 2308 Nazianzenus¹,
991 2222 1054 2317 qui
1071 2247 1145 2294 non

142 2333 256 2430 magis
273 2355 383 2429 quam
397 2333 522 2403 Cicero
540 2345 575 2402 et
587 2331 827 2418 Quintilianus
839 2347 874 2404 et
888 2333 1010 2404 Victor
1019 2335 1066 2406 de
1075 2341 1148 2408 De-

141 2446 271 2518 metrio
280 2445 573 2542 loquitur‚quum
582 2444 747 2541 quaedam
758 2446 805 2518 de
818 2448 976 2545 epistolis
990 2449 1036 2520 ad
1046 2451 1146 2523 Nico·

139 2559 267 2634 bulum
283 2559 440 2631 amicum
450 2557 687 2649 mittit,modo
704 2561 846 2631 Persico
854 2555 1018 2652 schoeno,
1035 2565 1146 2636 modo

142 2697 341 2774 puerorum
365 2672 495 2744 cubitis
511 2669 767 2742 dimetiendam
787 2697 862 2744 esse
879 2673 1076 2746 litterarum
1090 2677 1146 2750 vel

140 2786 376 2875 brevitatem,
400 2783 458 2856 vel
487 2783 773 2878 magnitudinem
805 2785 907 2875 dicit,
945 2805 1054 2884 prout
1089 2791 1145 2862 vel

141 2923 275 2998 pauca,
295 2899 350 2972 vel
366 2898 494 2987 multa,
511 2895 567 2970 vel
591 2919 721 2995 parva,
741 2897 798 2969 vel
818 2916 1069 2994 magnasunt,
1100 2902 1145 2973 de

140 3012 272 3110 quibus
288 3013 404 3110 agitur
417 3026 453 3083 et
468 3011 682 3110 disputatur,
699 3012 853 3107 negotia.
867 3012 975 3098 Quod
989 3013 1064 3110 ipse
1079 3017 1147 3087 De-

141 3127 288 3198 mettius
304 3125 527 3222 aliquatenus
543 3125 700 3220 agnovit,
720 3126 782 3222 qui
803 3149 1067 3224 nonnunquam
1080 3129 1147 3199 ela·

141 3240 250 3311 tiores
266 3237 431 3336 epistolas
445 3237 522 3310 fieri
535 3237 720 3330 concedit5
736 3238 799 3310 sed
815 3239 912 3310 ineo
932 3240 1043 3310 nimia
1055 3265 1146 3337 prae·

142 3353 305 3451 cipiantis
318 3350 639 3450 rigiditatepeccat,
655 3351 755 3447 quod
765 3351 877 3422 nimia
887 3351 1075 3424 sedulitate
1089 3377 1149 3425 ca·

142 3467 211 3556 vit,
228 3491 274 3538 na
284 3465 333 3537 ad
344 3465 535 3537 voluminis
546 3464 698 3536 lonnam
710 3464 859 3562 epistola
871 3489 1031 3561 unquam
1045 3489 1146 3538 acce-

141 3579 505 3668 deret.Quamobrem
513 3577 651 3669 melios,
662 3579 1146 3676 quamDemetrius‚insuam

141 3691 187 3766 de
205 3693 364 3792 epistolis
384 3693 556 3766 doctrinae
579 3691 860 3790 descriptionem
876 3692 999 3762 Victor
1016 3708 1145 3769 cuncta

140 3805 286 3879 dicendi
306 3831 435 3904 genera
448 3806 605 3895 reduxit,
622 3821 682 3878 aut
699 3806 815 3896 civile,
837 3820 897 3878 aut
914 3805 1142 3897 historicum,

140 3934 202 3990 aut
218 3919 405 4012 eruditius,
416 3917 512 3993 velut
527 3920 562 3990 in
572 3914 813 4020 philosophia,
832 3915 966 4018 aliquid
982 3943 1146 4017 compre-

188 4158 217 4216 l.
238 4156 328 4236 Greg.
344 4159 414 4220 Naz.
427 4157 522 4233 Epist.
538 4175 568 4214 m
582 4153 739 4230 (dustria
753 4157 859 4232 tato),
869 4152 946 4213 olias
959 4171 1033 4215 σω.
