2866 5056
430 501 434 506 .
556 401 756 479 ...35-

151 545 272 640 refert,
287 549 519 625 itarccalium
528 555 996 656 concursumvituperat,ut
1008 555 1159 642 fateatur

150 681 229 732 non
253 676 371 736 tamen
391 663 445 758 id,
474 678 514 737 ut
537 667 675 739 crimen
700 669 826 764 ingens
847 675 1158 771 expavescendum

149 795 239 846 osse.
259 779 432 872 wQuare,
451 778 585 876 inquit,
608 793 650 851 ut
669 781 889 877 negligentiae
906 798 1065 884 estpars
1085 789 1157 867 hoc

148 885 242 982 pati,
263 888 312 962 ita
323 887 534 966 humilitatis
549 889 686 990 ubique
703 891 995 991 perhorrescere,
1013 901 1157 977 nimios·

147 1021 219 1096 que
228 1025 305 1074 non
320 1003 500 1078 immerito
511 1005 548 1075 in
561 1003 630 1077 hac
642 1029 731 1076 cura
741 1019 871 1103 putant
880 1031 1007 1082 omnes
1019 1016 1155 1091 lsoora·

145 1124 220 1186 tem
236 1129 399 1205 secutos,
419 1117 669 1216 praecipueque
691 1116 980 1218 Theopompum.
1009 1125 1053 1197 ht
1071 1130 1158 1200 ›De-

144 1225 353 1300 mosthenes
377 1243 413 1301 ct
432 1231 555 1302 Cicero
575 1229 718 1304 modice
739 1247 974 1328 respexerunt
996 1235 1155 1314 ad'hanc

114 1385 119 1392 ·
141 1353 297 1438 partem.
315 1345 405 1414 Nam
421 1357 456 1414 et
467 1355 639 1416 coeuntes
656 1342 795 1433 litterae,
814 1367 894 1440 quae
909 1353 1087 1444 συναλοιφαὶ
1101 1350 1155 1425 di·

142 1465 289 1544 cuntur,
308 1454 417 1525 etiam
427 1452 605 1528 leniorem
617 1455 752 1528 faciunt
764 1458 978 1552 orationem,
996 1467 1153 1558 quamsi

141 1566 266 1640 omnia
281 1566 392 1640 verba
414 1593 481 1640 suo
506 1567 579 1640 fine
601 1567 807 1661 eludantur,
830 1583 866 1642 et
886 1595 1152 1671 nonnunquam

139 1676 264 1753 hiulca
274 1682 382 1766 etiam
392 1681 535 1776 decent,
551 1681 757 1781 faciuntque
772 1682 948 1782 ampliora
959 1687 1146 1783 quadam:
1203 1771 1211 1786 ,

139 1805 205 1864 ut:
228 1795 388 1868 Pulchra
416 1798 581 1869 oratione
606 1813 690 1868 ncta
707 1798 854 1867 omnino
870 1796 1029 1896 jactare.
1057 1803 1151 1874 Tum

138 1903 255 2005 longae
282 1933 349 2008 per
378 1935 433 2002 se,
462 1925 498 1983 et
535 1908 634 1982 velut
669 1911 798 2008 opimoe
834 1910 978 2007 syllabae
1013 1912 1150 2012 aliquid

138 2021 247 2092 etiam
262 2021 374 2094 medii
394 2022 567 2121 temporis
582 2022 676 2096 inter
690 2020 854 2114 vocales,
875 2025 977 2120 quasi
992 2025 1150 2100 intersis·

137 2146 247 2227 tatur,
267 2150 468 2208 assumunt.
488 2163 506 2204 >r
1039 2233 1040 2236 Ἴ
1203 2120 1208 2131 ¹

183 2247 278 2320 Satis
300 2247 390 2320 mihi
419 2248 585 2348 prolecto
612 2271 742 2345 magna
767 2261 821 2319 est
852 2246 929 2320 hacc
958 2245 1146 2323 scribentis

135 2359 349 2448 Quintiliani
371 2363 585 2456 auctoritare,
608 2377 650 2434 ut
675 2362 846 2458 gravitate
872 2359 931 2433 illa
952 2362 1065 2433 chillo
1082 2387 1145 2436 co·

133 2472 326 2569 picsissimi
363 2476 529 2547 omnium
560 2474 714 2547 rhetoris
741 2474 880 2570 judicio
910 2489 947 2545 et
979 2478 1146 2551 acumine

133 2583 349 2656 refellendus
362 2586 483 2657 Victor
495 2609 571 2658 esse
582 2585 758 2658 videatur.
775 2586 848 2656 Etsi
863 2586 960 2656 euim
978 2589 1143 2660 omnium

131 2719 260 2770 eorum
276 2697 443 2796 leporum
462 2699 575 2795 ignari
588 2723 724 2790 sumus,
749 2697 882 2794 quibus
898 2698 1045 2795 antiqua
1069 2725 1142 2773 ser·

132 2811 251 2882 monis
277 2811 392 2884 latini
415 2810 626 2883 enuntiandi
648 2811 849 2910 proprietas
863 2812 1075 2902 constiterit,
1098 2814 1149 2885 li·¹
1207 2895 1211 2908 ,

131 2921 217 2996 bere
233 2937 354 2996 tamen
369 2947 613 2997 asseveremus
630 2923 813 2994 neminem
826 2922 1141 3012 meliorevauin·
1249 3002 1252 3007 ,

130 3036 255 3109 tiliano
274 3037 413 3108 decorae
429 3036 861 3134 venustaequeverborum
873 3039 1140 3135 pronuntiatio·
1215 3107 1221 3118 .

129 3151 186 3223 nis
199 3150 358 3248 judicem
376 3150 600 3248 temporibus
615 3153 687 3223 suis
704 3150 858 3224 affuisse.

178 3263 284 3335 Unde
310 3287 395 3361 crgo
422 3261 462 3334 fit
479 3277 518 3333 ut
539 3287 616 3335 non
644 3261 706 3354 ibi,
736 3264 827 3335 sicut
849 3261 953 3354 alias,
971 3253 1087 3336 Tullio
1102 3280 1140 3340 et

128 3375 351 3464 Quintiliano
372 3377 495 3449 Victor
513 3375 747 3448 assentiatur?
784 3374 903 3446 Multis
923 3375 1071 3448 forsitan
1091 3377 1138 3450 de
1212 3377 1215 3382 ’

126 3489 451 3562 causisdiscidium
466 3489 556 3561 illud
573 3487 740 3586 explicari
757 3499 886 3585 potest,
902 3511 1055 3584 quarum
1072 3488 1137 3562 has

125 3600 217 3672 mihi
232 3602 405 3700 suspicari
418 3601 533 3702 liceat,
558 3603 719 3671 Fortasse
729 3610 798 3669 aut
816 3597 900 3692 quia
917 3619 1009 3694 opus
1028 3621 1135 3672 suum

125 3711 274 3785 studiosi
291 3715 401 3811 gratia
418 3711 653 3785 adolescentis
678 3707 913 3808 compilabat,
940 3710 1136 3808 praecipuas

124 3824 244 3898 solum
259 3825 453 3924 eloquendi
469 3827 563 3924 leges
580 3823 734 3897 scribere
745 3824 921 3915 voluerat,
937 3821 1009 3894 hoc
1026 3821 1077 3902 illi
1095 3824 1134 3896 in

124 3937 286 4010 futurum
300 3939 459 4012 muneris
472 3963 668 4030 reservans,
687 3951 725 4008 ut
740 3950 878 4036 postea,
893 3935 990 4034 apud
1009 3936 1134 4034 copio-

123 4051 282 4123 sissimos
300 4051 444 4125 dicendi
460 4067 635 4144 auctores,
654 4051 752 4124 idem
772 4049 980 4122 adolescens
998 4050 1132 4124 discer-

123 4177 224 4236 neret
246 4188 482 4262 quaecumque
509 4166 547 4238 in
568 4165 763 4250 rhetorices
784 4163 968 4264 praeceptis
990 4185 1074 4236 usus
1094 4176 1133 4235 et
