2880 5058
561 399 758 473 ..89-

153 549 353 622 laceremus
373 543 551 632 absentes,
578 547 609 618 si
627 549 716 645 quid
739 567 832 626 esset
849 553 950 651 quod
970 581 1032 628 eos
1054 557 1157 646 scire,

153 678 216 735 aut
232 673 356 733 nostra
375 671 441 758 aut¹
454 657 618 755 ipsorum
641 662 886 740 interesset...
915 669 1062 766 Reliqua
1076 684 1161 742 sunt

153 772 386 873 epistolarum
407 795 537 868 genera
557 772 650 867 duo,
682 803 762 875 quae
779 805 838 851 me
861 805 1079 880 magnopere
1096 781 1160 854 de-

151 890 306 978 lectant3
327 909 439 959 tanum
453 884 624 959 familiare
641 903 676 960 et
688 891 869 986 jocosum,
890 893 1040 966 alterum
1060 919 1160 966 seve-

152 1027 234 1074 rum
252 1015 288 1072 et
303 1022 421 1097 grave.
444 1028 461 1063 >2
482 1000 526 1068 Et
538 999 647 1096 paulo
665 1019 747 1100 post
762 1005 851 1076 nihil
868 1007 1058 1104 essequod
1074 1033 1161 1106 pos-

150 1115 197 1187 sit
214 1112 369 1211 graviter
383 1135 403 1183 a
419 1110 593 1183 Cicerone
610 1116 716 1186 scribi
735 1115 782 1188 ad
799 1119 1012 1210 Curionem,
1030 1120 1096 1198 nisi
1113 1119 1160 1192 de

151 1226 357 1326 republica,
377 1223 475 1296 dicit.
492 1228 531 1296 ln
547 1223 618 1298 alia
630 1242 749 1302 autem
762 1228 809 1302 ad
825 1231 1006 1330 Papirium
1027 1236 1160 1306 Paetum

152 1341 261 1413 missa
283 1337 435 1438 epistola
453 1337 490 1408 in
518 1363 604 1434 qua,
634 1357 672 1413 ut
696 1343 785 1416 solet
811 1369 896 1416 eum
916 1369 975 1435 eo,
990 1345 1155 1442 jocatur:

154 1483 172 1520 α
192 1454 291 1541 Quid
301 1455 366 1528 tibi
378 1481 459 1552 ego,
472 1459 590 1557 inquit
600 1461 623 1549 ¹,
643 1458 680 1528 iu
692 1457 851 1555 epistolis
863 1457 989 1530 videor
1003 1458 1017 1528 i
1031 1461 1160 1534 Nonne

67 1613 72 1622 ·
150 1566 296 1664 plebeio
320 1595 487 1644 sermone
509 1596 614 1669 agere
636 1570 782 1642 tecum?
807 1575 880 1642 Neo
896 1572 993 1668 enim
1018 1573 1160 1671 semper

152 1680 283 1753 eodem
301 1683 425 1755 modo.
452 1685 548 1773 Quid
565 1685 662 1757 enim
677 1683 791 1755 simile
807 1682 918 1756 habet
934 1686 1084 1783 epistola
1098 1701 1160 1757 aut

147 1791 299 1889 judicio,
326 1812 388 1868 aut
404 1799 599 1870 concioni?
622 1798 718 1886 Quin
735 1798 812 1894 ipsa
825 1798 961 1894 judicia
976 1824 1051 1871 non
1066 1798 1158 1871 sole·

151 1929 233 1976 mus
248 1909 369 1981 omnia
387 1923 538 1983 tractare
555 1935 630 1982 uno
648 1908 782 2000 mod03
799 1911 955 2008 privatas
971 1935 1108 2000 causas,
1124 1927 1159 1984 et

140 2043 210 2120 eas
229 2033 374 2113 tenues,
391 2025 528 2122 agimus
547 2023 732 2096 subtilius:
755 2024 878 2122 capitis
896 2039 958 2095 aut
973 2025 1076 2096 famae
1091 2025 1158 2096 sei·

148 2130 233 2206 licet
261 2137 444 2231 ornatius;
472 2137 640 2244 epistolas
668 2161 754 2210 vero
790 2137 1010 2235 quotidianis
1039 2136 1158 2208 verbis

151 2259 269 2320 texere
293 2248 501 2322 solemus.»
528 2250 637 2338 Quod
660 2251 689 2321 si
716 2250 840 2322 omnia
853 2248 929 2320 haec
948 2249 1158 2336 Quintiliani

149 2375 186 2432 et
202 2361 385 2434 Ciceronis
408 2362 488 2436 loca
513 2389 598 2436 cum
628 2387 737 2463 supra
761 2363 869 2434 citato
895 2363 1049 2434 Victoris
1074 2360 1157 2434 loco

149 2473 389 2566 conferemus,
406 2477 571 2573 quamvis
586 2476 622 2546 in
640 2477 683 2547 iis
698 2476 838 2548 diversa
853 2475 1017 2573 quaedam
1031 2500 1158 2546 occur-

148 2600 247 2674 rant,
268 2585 439 2685 pleraque
457 2603 578 2660 tamen
596 2588 662 2659 sibi
679 2587 832 2658 invicem
846 2587 1081 2658 consonantia
1101 2611 1157 2658 re-

148 2700 342 2795 periemus.
363 2701 514 2774 Perinde
528 2701 778 2798 atqueTullius
791 2713 828 2770 et
838 2699 1094 2786 Quintilianus,
1109 2699 1159 2770 ita

149 2812 274 2885 Victor
298 2813 530 2912 epistolarum
552 2837 683 2911 genera
707 2811 795 2904 duo,
816 2835 922 2908 grave
948 2809 1099 2882 alterum
1122 2824 1158 2882 et

149 2927 398 3022 negotiosum,
431 2927 583 3000 alterum
606 2942 728 2999 autem
763 2925 936 2998 familiare
965 2923 1157 3021 multisque
1280 2959 1283 2972 ›

49 3125 51 3132 ,
149 3040 269 3112 modis
301 3041 515 3115 variandum
543 3041 725 3114 discernit.
761 3042 841 3111 Non
877 3052 1019 3126 tamen,
1055 3036 1158 3108 sicuti

148 3165 314 3250 uterque,
327 3155 410 3226 satis
418 3153 554 3252 liquide
564 3155 734 3245 declarat,
746 3155 784 3224 in
793 3176 881 3251 quas
891 3177 1011 3223 rerum
1022 3151 1158 3249 species

148 3279 186 3336 et
207 3265 340 3338 formas
358 3267 534 3364 negotiale
558 3268 790 3366 epistolarum
815 3291 926 3364 genus
952 3263 1157 3336 describen-

148 3377 239 3450 dum
256 3403 332 3452 esse
348 3396 504 3453 censeat.
533 3385 573 3453 lu
591 3380 663 3453 hoc
682 3405 811 3478 genere
828 3377 1084 3452 tantummodo
1101 3376 1157 3447 in·

147 3492 228 3564 nuit
244 3505 280 3564 et
295 3495 553 3566 sententiarum
569 3493 731 3593 pondera
748 3509 785 3566 et
808 3492 1003 3566 verborum
1020 3489 1159 3562 lumina

148 3619 184 3676 et
197 3605 391 3704 figurarum
411 3609 534 3680 omnia
550 3609 701 3705 insignia
718 3633 793 3680 esse
810 3603 1047 3704 requirenda,
1067 3617 1103 3676 et
1118 3603 1158 3674 in

147 3719 278 3792 eodem
305 3735 369 3794 aut
394 3721 607 3795 historicum
634 3720 771 3820 aliquid
803 3717 1065 3819 comprehendi
1096 3730 1160 3788 aut

148 3833 257 3904 etiam
274 3835 448 3907 eruditius
466 3835 640 3934 quiddam
663 3835 838 3935 disputari
861 3858 980 3934 posse.
1000 3830 1108 3920 Quod
1128 3831 1158 3902 si

148 3947 197 4018 ita
212 3961 278 4039 est,
300 3949 482 4024 Ciceronis
498 3965 534 4023 et
551 3951 763 4040 Quintiliani
784 3949 997 4023 sententiam
1015 3961 1158 4020 secutus

186 4196 217 4255 l.
239 4193 298 4254 cic.
316 4196 409 4272 Epist.
426 4195 469 4251 ad
479 4193 596 4266 diuers„
612 4198 672 4266 IX,
685 4215 751 4289 ⁸run.
