2880 5058
541 436 763 510 -tta-

151 585 190 656 id
224 584 333 656 semel
370 585 538 682 deinceps
574 584 788 656 confirmare
828 585 1034 678 voluimus)
1068 585 1157 656 mul-

151 712 191 769 to
210 701 342 790 minus,
362 723 471 796 quam
483 699 692 770 Ciceronem
709 715 744 771 et
759 698 921 789 Fabium,
935 700 1065 769 Graecis
1082 723 1157 770 esse

151 811 278 884 litteris
289 809 469 884 imbumm
479 813 660 884 Victorem
672 841 680 900 3
695 827 731 884 et
744 817 946 884 Graecarum
959 813 1157 884 litterarum

154 949 259 997 usum
279 941 354 997 tum
370 927 407 996 in
425 925 559 1017 Galliis,
580 926 709 996 tumvin
727 924 872 1021 reliquis
886 925 1090 996 Occidentis
1104 949 1159 996 re-

153 1037 320 1138 gionibus
334 1064 371 1110 rv
389 1063 464 1110 aevo
488 1038 641 1111 multum
661 1037 869 1109 defloruisse
886 1037 1057 1122 diximus,
1083 1043 1158 1109 non

153 1153 199 1224 ab
234 1154 276 1224 iis
303 1151 491 1246 absterriti,
520 1153 581 1248 qui
610 1156 731 1224 Graeca
761 1152 956 1223 rhetorices
984 1145 1158 1222 voeabula

152 1265 261 1361 vulgo
281 1289 301 1336 a
315 1263 459 1337 Victore
469 1264 631 1337 adhiberi
639 1266 720 1361 jure
731 1267 870 1363 optimo
882 1265 1156 1337 contenderent.

150 1378 302 1449 Etiamsi
319 1392 437 1449 autem
449 1380 664 1476 incorrupta
682 1378 892 1450 Latinorum
908 1392 1071 1448 veterum
1089 1376 1161 1446 elo·

154 1493 308 1589 quentiae
330 1491 448 1562 fautor
466 1516 541 1562 esse
565 1490 700 1588 ubique
720 1490 901 1579 videatur,
927 1489 1160 1559 nihilominus

154 1606 231 1700 ejus
244 1619 279 1676 et
294 1606 499 1696 sententias,
520 1617 555 1676 et
571 1605 788 1692 dictionem,
810 1619 845 1676 et
856 1601 1008 1674 barbara
1022 1602 1160 1698 aliquot

154 1717 343 1806 vocabula,
355 1734 391 1789 et
401 1719 608 1789 universum
617 1717 765 1804 librum,
782 1717 984 1814 depravatae
994 1739 1035 1786 ac
1045 1715 1159 1785 demi·

154 1845 250 1902 'nutae
260 1831 297 1902 in
307 1831 383 1902 dies
394 1833 619 1927 cogitationis
634 1832 872 1928 dictionisque
889 1829 1071 1926 exemplar
1083 1853 1159 1900 esse

155 1942 386 2014 credidimus.
425 1949 464 2014 ln
489 1968 561 2040 quo
585 1969 700 2042 prope
724 1943 815 2014 nihil
836 1944 1038 2014 invenimus
1062 1939 1161 2038 quod

151 2056 309 2126 ¹Victoris
326 2059 511 2154 propriam
532 2055 711 2146 indolem,
731 2058 933 2154 ingenium,
953 2071 1091 2127 aetatem
1111 2079 1163 2126 re·

156 2170 295 2258 ferret;
326 2193 533 2266 quanquam
562 2195 645 2241 enm
678 2171 807 2242 merito
837 2172 948 2242 Maius
976 2168 1161 2241 ethnicum

154 2282 263 2353 fuisse
279 2282 466 2354 hominem
483 2285 653 2380 agnoscit.
679 2285 786 2370 Quod
802 2284 1004 2356 certissimis
1018 2281 1162 2352 duobus

155 2395 298 2466 indiciis
327 2398 485 2486 ostendi,
508 2412 633 2469 contra
652 2411 731 2494 qu'ae
752 2397 879 2469 frustra
896 2409 1161 2496 repugnarent,

45 2568 53 2582 .
156 2506 220 2604 qui
238 2505 327 2578 falso
343 2508 525 2598 dicerent,
540 2512 575 2580 in
595 2511 802 2599 rhetoricis,
815 2511 915 2582 verbi
933 2510 1059 2605 gratia,
1080 2511 1163 2578 Cas-

156 2620 293 2691 siodori
309 2637 344 2692 et
354 2623 480 2694 Isidori
493 2626 708 2722 Hispalensis
718 2623 961 2721 compendiis,
972 2621 1070 2692 nulla
1081 2644 1158 2689 om·

155 2735 245 2804 nino
267 2735 466 2807 christianae
484 2738 665 2834 religionis
688 2738 834 2832 vestigia
851 2731 1085 2832 deprehendi.
1109 2735 1159 2802 Eo

157 2839 270 2945 magis
284 2873 465 2946 paganum
484 2851 588 2922 luisse
604 2852 785 2931 Victorem
800 2875 875 2921 esse
889 2845 1159 2932 affirmavimus,

155 2962 249 3033 sicut
274 2962 465 3060 plerosque
486 2964 608 3036 Gallos
637 2965 799 3036 rhetores
822 2964 871 3034 illi
893 2961 1062 3059 aequales,
1089 2981 1160 3064 quo

157 3076 286 3147 melius
313 3075 398 3147 inde
426 3077 663 3149 intelleximus
691 3105 755 3150 cur
783 3076 916 3174 ubique
948 3076 1072 3166 Victor
1104 3097 1163 3143 ve·

160 3204 277 3260 terum
294 3188 480 3260 rhetorum
499 3192 652 3288 vestigiis
672 3192 915 3263 adhaerescens
938 3188 1158 3284 adreptaret,

158 3327 227 3373 nec
241 3301 440 3398 quidquam
454 3327 518 3402 per
532 3329 570 3374 se
581 3305 761 3400 egregium
777 3318 813 3374 et
823 3327 958 3374 novum
970 3300 1161 3399 reperiret,

159 3414 266 3509 longe
290 3415 389 3486 inea
414 3441 453 3486 re
474 3415 519 3486 ab
543 3417 684 3488 Aurelio
709 3417 771 3487 illo
793 3417 990 3511 Augustino
1014 3413 1161 3502 distans,

160 3529 261 3623 cujus
278 3527 459 3600 luculenta
475 3529 657 3626 qnaedam‚
685 3554 726 3599 ex
745 3529 882 3626 optimo
900 3528 946 3598 de
966 3525 1164 3597 Christiana

150 3642 331 3713 Doctrina
346 3641 438 3713 libro
456 3658 621 3741 excerpta
637 3640 865 3740 protulimus.
879 3645 958 3712 Non
976 3637 1076 3736 quod
1091 3651 1165 3707 tam

161 3752 296 3850 dispari
321 3755 415 3826 inter
438 3781 477 3826 se
494 3757 638 3852 ingenio
659 3754 825 3825 homines
849 3754 1028 3824 Victorem
1047 3766 1083 3824 et
1101 3752 1168 3850 hu·

162 3868 344 3962 gustinum
372 3871 534 3941 conferre
557 3869 748 3960 vellemus,
782 3867 846 3939 sed
874 3881 914 3938 ut
942 3867 1167 3966 planiusos-

161 3982 389 4056 tenderemus
408 4011 450 4056 ex
474 4010 538 4074 eo,
562 3986 663 4083 quod
680 3985 876 4081 Augustino
894 3985 1004 4056 veteri
1030 3982 1167 4054 Medio·

161 4093 363 4167 lenensium
390 4098 526 4169 rhetori
551 4100 742 4170 christiana
771 4100 823 4169 vis
851 4097 1050 4186 addiderat,
1079 4094 1168 4193 quid

163 4209 402 4282 verisimiliter
424 4213 559 4284 Victori
583 4214 706 4302 etiam,
728 4212 811 4284 licet
831 4212 989 4283 inferiori
1007 4209 1164 4304 homini,
