2866 5056
625 389 823 462 42...

271 544 353 613 Haec
373 535 553 610 habebam
577 560 657 634 quae
682 534 728 605 de
752 537 978 630 Hermagorae
1004 531 1168 605 doctrina
1190 547 1228 606 et

222 654 366 752 ingenio
389 649 583 723 scriberem
591 679 603 742 ,·
624 661 817 744 antequam
843 673 885 721 ea
912 647 1229 744 attingerem'quae

222 767 375 840 Victoris
392 764 586 836 Rhetoricae
606 762 857 861 suppeditavit.
876 765 981 833 Nunc
997 786 1143 858 quoque
1161 785 1230 858 op-

222 893 421 978 portunum
440 877 486 950 de
508 876 622 949 Tullio
647 891 682 947 et
704 875 924 964 Quintiliano
949 900 1064 975 pauca
1089 875 1230 974 praefari

223 990 422 1081 videretur3
449 989 532 1078 sed,
556 1005 596 1061 ut
612 1004 717 1062 antea
733 989 905 1083 diximus,
929 989 1119 1061 illustriora
1146 1002 1232 1060 sunt

224 1104 410 1201 utriusque
434 1119 469 1175 et
493 1103 642 1174 nomina
667 1116 702 1172 et
727 1127 856 1199 opera,
886 1127 995 1199 quam
1026 1116 1066 1173 ut
1089 1100 1135 1173 de
1163 1101 1234 1172 iltis

225 1240 509 1292 commemorare
542 1214 706 1311 quaedam
739 1238 881 1286 neeesse
908 1216 965 1287 sit.
1003 1220 1234 1314 Quapropter

224 1329 412 1403 inutilibus
428 1329 551 1399 ceteris
568 1327 834 1426 praefationibus
849 1327 991 1415 relictis,
1003 1330 1169 1426 protinus
1185 1327 1234 1401 ad

224 1448 451 1537 Hermagorae
481 1442 656 1538 primum,
690 1441 820 1514 deinde
845 1457 966 1514 autem
990 1443 1172 1514 Ciceronis
1196 1455 1235 1514 et

226 1555 437 1643 Quintiliani
449 1570 624 1653 praecepta
637 1556 674 1626 in
687 1555 837 1628 Victoris
849 1555 1107 1654 compendium
1120 1568 1233 1626 trans·

225 1665 295 1740 lata
313 1666 510 1764 aggrediar.

648 1875 809 1893 m

266 2057 290 2140 S
304 2062 333 2118 ὅ.
350 2063 381 2121 C.
398 2059 468 2120 Julii
479 2060 602 2120 Victoris
620 2061 697 2120 Artis
709 2058 871 2121 Rhetoricae
883 2060 1069 2120 materiarum
1082 2077 1206 2122 summa.

277 2258 348 2329 Sed
370 2273 453 2329 ante
472 2257 595 2329 omnia
616 2256 706 2326 nihil
723 2258 843 2354 potius
865 2255 911 2328 ad
925 2257 1070 2328 illorum
1086 2281 1165 2353 quae
1181 2279 1235 2327 se·

229 2382 386 2466 quantur
412 2369 701 2467 perspicuitatem
726 2365 940 2440 collaturum
965 2393 1039 2440 esse
1067 2367 1234 2459 arbitror,

229 2504 338 2578 quam
358 2481 386 2551 si
412 2482 540 2579 rapido
558 2506 680 2552 rerum
697 2481 823 2553 ordine
842 2481 995 2554 rhetoris
1015 2482 1126 2553 nostri
1145 2506 1237 2579 opus

229 2593 456 2691 disposuero.
492 2595 563 2682 Qui
593 2595 740 2690 quidem
767 2595 928 2692 quinque
957 2594 1120 2666 oratoriae
1153 2594 1238 2666 artis

230 2714 362 2805 partes,
376 2707 622 2780 inventionem
633 2733 764 2807 nempe
780 2723 816 2781 et
831 2708 1105 2807 dispositionem
1120 2721 1156 2778 et
1166 2708 1239 2778 elo·

230 2820 414 2892 cutionem
446 2835 482 2892 et
512 2823 723 2894 memoriam
751 2837 786 2893 et
816 2822 1167 2921 pronuntiationem,
1196 2843 1240 2892 ex

231 2933 489 3032 plerorumque
513 2935 610 3033 apud
633 2936 801 3032 antiquos
826 2935 1011 3007 rhetorum
1034 2959 1152 3022 more,
1172 2934 1241 3004 sin·
1306 2929 1309 2934 ‘

231 3046 331 3142 gulas
350 3048 502 3118 vicissim
520 3048 691 3145 proponit
701 3052 724 3139 ¹,
744 3047 807 3118 sed
829 3047 877 3119 ita
898 3073 965 3145 pro
984 3047 1152 3146 peculiari
1172 3046 1241 3117 sibi

231 3159 371 3231 ratione
399 3160 644 3231 inventionem
669 3172 807 3248 tractat,
831 3173 871 3229 ut
897 3161 935 3232 in
966 3183 1008 3230 ea
1024 3184 1100 3230 non
1116 3182 1241 3259 prose·

232 3270 386 3368 quendae
408 3296 450 3344 ac
471 3271 694 3369 proierendae
714 3269 882 3363 actionis,
914 3271 977 3344 sed
1005 3268 1240 3371 disponendae

232 3397 341 3480 atque
358 3383 572 3456 meditandae
589 3383 753 3458 ordinem
768 3399 949 3482 sequatur.
963 3389 1085 3472 Quum
1101 3397 1238 3470 autem,

233 3511 275 3569 ut
290 3499 340 3569 ait
349 3500 373 3590 ¹,
392 3499 429 3569 in
453 3497 669 3597 proferenda
694 3499 836 3572 actione
860 3523 952 3597 saepe
978 3500 1116 3596 primus
1140 3497 1241 3568 loeus

233 3612 411 3708 prooemio
424 3612 541 3702 detur,
561 3611 692 3685 dehinc
708 3612 919 3710 plerumque
934 3611 1143 3703 narrationi,
1160 3622 1243 3709 post

234 3723 448 3819 egressibus,
460 3737 537 3794 tum
550 3724 820 3820 quaestionibus,
833 3736 869 3794 et
882 3723 1074 3797 novissime
1083 3723 1241 3823 epilog0,

235 3833 299 3908 scd
317 3835 354 3906 in
370 3835 586 3932 cogitatione
602 3837 690 3911 nihil
708 3837 889 3933 antiquius
905 3852 940 3909 et
956 3838 1039 3912 ideo
1056 3838 1155 3938 prius
1167 3860 1243 3910 ver-

278 4068 308 4124 i.
334 4066 366 4128 C.
381 4067 409 4123 J.
425 4063 513 4137 Vico,
527 4068 670 4141 Prooen,
685 4087 715 4146 p.
733 4067 799 4125 3-4.

277 4157 309 4219 2.
335 4157 367 4217 C.
383 4158 411 4215 J.
426 4155 515 4236 vica,
530 4175 595 4238 cap.
612 4178 639 4233 1,
655 4159 692 4215 de
706 4161 888 4234 Inventione,
901 4176 932 4238 p.
948 4161 979 4218 i.
