<?xml version="1.0" encoding="UTF-8"?>
<!DOCTYPE html PUBLIC "-//W3C//DTD XHTML 1.0 Transitional//EN"
    "http://www.w3.org/TR/xhtml1/DTD/xhtml1-transitional.dtd">
<html xmlns="http://www.w3.org/1999/xhtml" xml:lang="en" lang="en">
 <head>
  <title>
</title>
<meta http-equiv="Content-Type" content="text/html;charset=utf-8" />
  <meta name='ocr-system' content='tesseract 3.04.00' />
  <meta name='ocr-capabilities' content='ocr_page ocr_carea ocr_par ocr_line ocrx_word'/>
</head>
<body>
  <div class='ocr_page' id='page_1' title='image "./decaiijuliivict00victgoog_0020.png"; bbox 0 0 2866 5056; ppageno 0'>
   <div class='ocr_carea' id='block_1_1' title="bbox 559 421 733 494">
    <p class='ocr_par' dir='ltr' id='par_1_1' title="bbox 559 421 733 494">
     <span class='ocr_line' id='line_1_1' title="bbox 559 421 733 494; baseline -0.006 -15"><span class='ocrx_word' id='word_1_1' title='bbox 559 421 733 494; x_wconf 78' lang='grc'>...7.-</span> 
     </span>
    </p>
   </div>
   <div class='ocr_carea' id='block_1_2' title="bbox 139 565 1152 1802">
    <p class='ocr_par' dir='ltr' id='par_1_2' title="bbox 139 565 1152 1802">
     <span class='ocr_line' id='line_1_2' title="bbox 145 565 1146 666; baseline 0.005 -27"><span class='ocrx_word' id='word_1_2' title='bbox 145 565 412 665; x_wconf 84' lang='lat' dir='ltr'>spicacissirnas,</span> <span class='ocrx_word' id='word_1_3' title='bbox 427 581 468 642; x_wconf 91' lang='lat' dir='ltr'>ut</span> <span class='ocrx_word' id='word_1_4' title='bbox 483 565 586 661; x_wconf 89' lang='lat' dir='ltr'>solet,</span> <span class='ocrx_word' id='word_1_5' title='bbox 599 569 879 666; x_wconf 76' lang='lat' dir='ltr'>conjectationes</span> <span class='ocrx_word' id='word_1_6' title='bbox 888 570 1040 664; x_wconf 83' lang='lat' dir='ltr'>induxit,</span> <span class='ocrx_word' id='word_1_7' title='bbox 1050 572 1146 644; x_wconf 92' lang='lat' dir='ltr'>unde</span> 
     </span>
     <span class='ocr_line' id='line_1_3' title="bbox 146 679 1149 783; baseline 0.007 -33"><span class='ocrx_word' id='word_1_8' title='bbox 146 679 280 777; x_wconf 79' lang='lat' dir='ltr'>Aquilae</span> <span class='ocrx_word' id='word_1_9' title='bbox 295 681 480 778; x_wconf 88' lang='lat' dir='ltr'>cujusdam</span> <span class='ocrx_word' id='word_1_10' title='bbox 504 707 597 781; x_wconf 89' lang='lat' dir='ltr'>opus</span> <span class='ocrx_word' id='word_1_11' title='bbox 614 708 727 756; x_wconf 91' lang='lat' dir='ltr'>unum</span> <span class='ocrx_word' id='word_1_12' title='bbox 744 709 764 754; x_wconf 91' lang='lat' dir='ltr'>e</span> <span class='ocrx_word' id='word_1_13' title='bbox 783 683 943 756; x_wconf 90' lang='lat' dir='ltr'>fontibus</span> <span class='ocrx_word' id='word_1_14' title='bbox 957 685 1062 756; x_wconf 90' lang='lat' dir='ltr'>fuisse</span> <span class='ocrx_word' id='word_1_15' title='bbox 1082 711 1149 783; x_wconf 91' lang='lat' dir='ltr'>pu-</span> 
     </span>
     <span class='ocr_line' id='line_1_4' title="bbox 143 793 1148 892; baseline 0.006 -28"><span class='ocrx_word' id='word_1_16' title='bbox 143 803 274 882; x_wconf 84' lang='lat' dir='ltr'>temus,</span> <span class='ocrx_word' id='word_1_17' title='bbox 291 793 456 892; x_wconf 87' lang='lat' dir='ltr'>aquibus</span> <span class='ocrx_word' id='word_1_18' title='bbox 468 795 602 868; x_wconf 88' lang='lat' dir='ltr'>rivulos</span> <span class='ocrx_word' id='word_1_19' title='bbox 614 810 675 867; x_wconf 88' lang='lat' dir='ltr'>aut</span> <span class='ocrx_word' id='word_1_20' title='bbox 692 796 838 868; x_wconf 90' lang='lat' dir='ltr'>fortasse</span> <span class='ocrx_word' id='word_1_21' title='bbox 847 799 954 870; x_wconf 88' lang='lat' dir='ltr'>etiam</span> <span class='ocrx_word' id='word_1_22' title='bbox 965 800 1060 869; x_wconf 89' lang='lat' dir='ltr'>rivos</span> <span class='ocrx_word' id='word_1_23' title='bbox 1069 799 1148 870; x_wconf 90' lang='lat' dir='ltr'>Vic-</span> 
     </span>
     <span class='ocr_line' id='line_1_5' title="bbox 143 906 1148 1008; baseline 0.005 -30"><span class='ocrx_word' id='word_1_24' title='bbox 143 919 202 978; x_wconf 88' lang='lat' dir='ltr'>tor</span> <span class='ocrx_word' id='word_1_25' title='bbox 234 906 433 980; x_wconf 83' lang='lat' dir='ltr'>deduxerit.</span> <span class='ocrx_word' id='word_1_26' title='bbox 461 912 578 996; x_wconf 89' lang='lat' dir='ltr'>Quem</span> <span class='ocrx_word' id='word_1_27' title='bbox 609 933 695 980; x_wconf 88' lang='lat' dir='ltr'>vero</span> <span class='ocrx_word' id='word_1_28' title='bbox 727 910 833 980; x_wconf 90' lang='lat' dir='ltr'>trium</span> <span class='ocrx_word' id='word_1_29' title='bbox 859 908 1021 1002; x_wconf 90' lang='lat' dir='ltr'>illorum,</span> <span class='ocrx_word' id='word_1_30' title='bbox 1056 935 1148 1008; x_wconf 91' lang='lat' dir='ltr'>quos</span> 
     </span>
     <span class='ocr_line' id='line_1_6' title="bbox 143 1017 1145 1117; baseline 0.007 -30"><span class='ocrx_word' id='word_1_31' title='bbox 143 1017 277 1116; x_wconf 82' lang='lat' dir='ltr'>Aquilae</span> <span class='ocrx_word' id='word_1_32' title='bbox 298 1021 447 1093; x_wconf 88' lang='lat' dir='ltr'>nomine</span> <span class='ocrx_word' id='word_1_33' title='bbox 470 1021 673 1117; x_wconf 84' lang='lat' dir='ltr'>designatos</span> <span class='ocrx_word' id='word_1_34' title='bbox 691 1024 988 1096; x_wconf 84' lang='lat' dir='ltr'>commemoravit</span> <span class='ocrx_word' id='word_1_35' title='bbox 1011 1025 1145 1114; x_wconf 88' lang='lat' dir='ltr'>Maius,</span> 
     </span>
     <span class='ocr_line' id='line_1_7' title="bbox 142 1131 1149 1234; baseline 0.003 -30"><span class='ocrx_word' id='word_1_36' title='bbox 142 1131 211 1204; x_wconf 91' lang='lat' dir='ltr'>sibi</span> <span class='ocrx_word' id='word_1_37' title='bbox 227 1134 406 1234; x_wconf 86' lang='lat' dir='ltr'>praecipue</span> <span class='ocrx_word' id='word_1_38' title='bbox 419 1131 466 1205; x_wconf 89' lang='lat' dir='ltr'>ad</span> <span class='ocrx_word' id='word_1_39' title='bbox 480 1133 703 1231; x_wconf 91' lang='lat' dir='ltr'>sequendum</span> <span class='ocrx_word' id='word_1_40' title='bbox 719 1133 847 1205; x_wconf 90' lang='lat' dir='ltr'>ducem</span> <span class='ocrx_word' id='word_1_41' title='bbox 864 1134 987 1204; x_wconf 85' lang='lat' dir='ltr'>Victor</span> <span class='ocrx_word' id='word_1_42' title='bbox 1006 1135 1149 1230; x_wconf 85' lang='lat' dir='ltr'>elegerit</span> 
     </span>
     <span class='ocr_line' id='line_1_8' title="bbox 139 1244 1148 1344; baseline 0.003 -29"><span class='ocrx_word' id='word_1_43' title='bbox 139 1244 321 1316; x_wconf 88' lang='lat' dir='ltr'>incertum</span> <span class='ocrx_word' id='word_1_44' title='bbox 339 1261 411 1336; x_wconf 91' lang='lat' dir='ltr'>est;</span> <span class='ocrx_word' id='word_1_45' title='bbox 434 1247 469 1317; x_wconf 93' lang='lat' dir='ltr'>in</span> <span class='ocrx_word' id='word_1_46' title='bbox 488 1251 577 1320; x_wconf 88' lang='lat' dir='ltr'>una¹</span> <span class='ocrx_word' id='word_1_47' title='bbox 593 1260 713 1318; x_wconf 87' lang='lat' dir='ltr'>tamen</span> <span class='ocrx_word' id='word_1_48' title='bbox 735 1273 775 1318; x_wconf 87' lang='lat' dir='ltr'>ex</span> <span class='ocrx_word' id='word_1_49' title='bbox 799 1246 842 1317; x_wconf 93' lang='lat' dir='ltr'>iis</span> <span class='ocrx_word' id='word_1_50' title='bbox 863 1245 995 1318; x_wconf 90' lang='lat' dir='ltr'>notulis</span> <span class='ocrx_word' id='word_1_51' title='bbox 1017 1245 1148 1344; x_wconf 92' lang='lat' dir='ltr'>quibus</span> 
     </span>
     <span class='ocr_line' id='line_1_9' title="bbox 139 1358 1145 1459; baseline 0.002 -29"><span class='ocrx_word' id='word_1_52' title='bbox 139 1359 293 1431; x_wconf 91' lang='lat' dir='ltr'>Victoris</span> <span class='ocrx_word' id='word_1_53' title='bbox 325 1359 542 1433; x_wconf 82' lang='lat' dir='ltr'>rhetoricam</span> <span class='ocrx_word' id='word_1_54' title='bbox 575 1358 721 1457; x_wconf 86' lang='lat' dir='ltr'>eclogen</span> <span class='ocrx_word' id='word_1_55' title='bbox 759 1361 869 1432; x_wconf 84' lang='lat' dir='ltr'>Maius</span> <span class='ocrx_word' id='word_1_56' title='bbox 902 1359 1145 1459; x_wconf 83' lang='lat' dir='ltr'>locupletavit,</span> 
     </span>
     <span class='ocr_line' id='line_1_10' title="bbox 140 1468 1148 1570; baseline 0.004 -29"><span class='ocrx_word' id='word_1_57' title='bbox 140 1470 305 1568; x_wconf 75' lang='lat' dir='ltr'>Aquilam</span> <span class='ocrx_word' id='word_1_58' title='bbox 313 1468 433 1562; x_wconf 87' lang='lat' dir='ltr'>illurn,</span> <span class='ocrx_word' id='word_1_59' title='bbox 450 1485 620 1543; x_wconf 88' lang='lat' dir='ltr'>tractatus</span> <span class='ocrx_word' id='word_1_60' title='bbox 633 1471 678 1543; x_wconf 91' lang='lat' dir='ltr'>de</span> <span class='ocrx_word' id='word_1_61' title='bbox 686 1473 822 1570; x_wconf 82' lang='lat' dir='ltr'>Figuris</span> <span class='ocrx_word' id='word_1_62' title='bbox 839 1486 1022 1545; x_wconf 84' lang='lat' dir='ltr'>auctorem</span> <span class='ocrx_word' id='word_1_63' title='bbox 1036 1471 1148 1546; x_wconf 88' lang='lat' dir='ltr'>modo</span> 
     </span>
     <span class='ocr_line' id='line_1_11' title="bbox 141 1585 1148 1684; baseline 0.005 -29"><span class='ocrx_word' id='word_1_64' title='bbox 141 1585 443 1684; x_wconf 88' lang='lat' dir='ltr'>suprascriptum,</span> <span class='ocrx_word' id='word_1_65' title='bbox 463 1585 866 1659; x_wconf 82' lang='lat' dir='ltr'>innuerevideturinter</span> <span class='ocrx_word' id='word_1_66' title='bbox 884 1611 945 1658; x_wconf 91' lang='lat' dir='ltr'>eos</span> <span class='ocrx_word' id='word_1_67' title='bbox 962 1587 1148 1680; x_wconf 80' lang='lat' dir='ltr'>exstitisse,</span> 
     </span>
     <span class='ocr_line' id='line_1_12' title="bbox 140 1699 1152 1802; baseline 0.002 -32"><span class='ocrx_word' id='word_1_68' title='bbox 140 1699 203 1796; x_wconf 91' lang='lat' dir='ltr'>qui</span> <span class='ocrx_word' id='word_1_69' title='bbox 222 1699 361 1770; x_wconf 78' lang='lat' dir='ltr'>Victori</span> <span class='ocrx_word' id='word_1_70' title='bbox 386 1713 512 1770; x_wconf 89' lang='lat' dir='ltr'>nostro</span> <span class='ocrx_word' id='word_1_71' title='bbox 534 1712 569 1769; x_wconf 88' lang='lat' dir='ltr'>ct</span> <span class='ocrx_word' id='word_1_72' title='bbox 598 1713 773 1802; x_wconf 78' lang='lat' dir='ltr'>praecepta</span> <span class='ocrx_word' id='word_1_73' title='bbox 801 1713 836 1770; x_wconf 90' lang='lat' dir='ltr'>et</span> <span class='ocrx_word' id='word_1_74' title='bbox 869 1700 1032 1799; x_wconf 81' lang='lat' dir='ltr'>exempla</span> <span class='ocrx_word' id='word_1_75' title='bbox 1063 1725 1152 1798; x_wconf 75' lang='lat' dir='ltr'>sup·</span> 
     </span>
    </p>
   </div>
   <div class='ocr_carea' id='block_1_3' title="bbox 140 1809 1149 2018">
    <p class='ocr_par' dir='ltr' id='par_1_3' title="bbox 140 1809 1149 2018">
     <span class='ocr_line' id='line_1_13' title="bbox 140 1809 1146 1912; baseline 0.002 -30"><span class='ocrx_word' id='word_1_76' title='bbox 140 1811 391 1910; x_wconf 84' lang='lat' dir='ltr'>peditaverint.</span> <span class='ocrx_word' id='word_1_77' title='bbox 425 1809 706 1886; x_wconf 89' lang='lat' dir='ltr'>Celeberrimum</span> <span class='ocrx_word' id='word_1_78' title='bbox 738 1811 834 1882; x_wconf 92' lang='lat' dir='ltr'>enim</span> <span class='ocrx_word' id='word_1_79' title='bbox 865 1813 911 1884; x_wconf 88' lang='grc' dir='ltr'>Μ.</span> <span class='ocrx_word' id='word_1_80' title='bbox 942 1811 1045 1883; x_wconf 91' lang='lat' dir='ltr'>Tullii</span> <span class='ocrx_word' id='word_1_81' title='bbox 1079 1838 1146 1912; x_wconf 89' lang='lat' dir='ltr'>pro</span> 
     </span>
     <span class='ocr_line' id='line_1_14' title="bbox 140 1917 1149 2018; baseline 0.003 -28"><span class='ocrx_word' id='word_1_82' title='bbox 140 1917 256 1990; x_wconf 87' lang='lat' dir='ltr'>Gallio</span> <span class='ocrx_word' id='word_1_83' title='bbox 300 1919 494 2018; x_wconf 81' lang='lat' dir='ltr'>deperditae</span> <span class='ocrx_word' id='word_1_84' title='bbox 535 1919 708 1992; x_wconf 83' lang='lat' dir='ltr'>orationis</span> <span class='ocrx_word' id='word_1_85' title='bbox 750 1918 1006 2016; x_wconf 82' lang='lat' dir='ltr'>fragmentum,</span> <span class='ocrx_word' id='word_1_86' title='bbox 1046 1921 1149 2018; x_wconf 91' lang='lat' dir='ltr'>quod</span> 
     </span>
    </p>
   </div>
   <div class='ocr_carea' id='block_1_4' title="bbox 139 2032 1151 3935">
    <p class='ocr_par' dir='ltr' id='par_1_4' title="bbox 139 2032 1151 3711">
     <span class='ocr_line' id='line_1_15' title="bbox 139 2032 1151 2131; baseline 0.005 -29"><span class='ocrx_word' id='word_1_87' title='bbox 139 2032 177 2102; x_wconf 91' lang='lat' dir='ltr'>in</span> <span class='ocrx_word' id='word_1_88' title='bbox 205 2032 323 2129; x_wconf 90' lang='lat' dir='ltr'>operis</span> <span class='ocrx_word' id='word_1_89' title='bbox 347 2033 463 2131; x_wconf 89' lang='lat' dir='ltr'>capite</span> <span class='ocrx_word' id='word_1_90' title='bbox 491 2032 598 2104; x_wconf 82' lang='lat' dir='ltr'>refert</span> <span class='ocrx_word' id='word_1_91' title='bbox 617 2033 741 2103; x_wconf 79' lang='lat' dir='ltr'>Victor</span> <span class='ocrx_word' id='word_1_92' title='bbox 767 2033 825 2103; x_wconf 90' lang='lat' dir='ltr'>cui</span> <span class='ocrx_word' id='word_1_93' title='bbox 859 2032 904 2104; x_wconf 91' lang='lat' dir='ltr'>de</span> <span class='ocrx_word' id='word_1_94' title='bbox 928 2033 1151 2129; x_wconf 87' lang='lat' dir='ltr'>Obliquitate</span> 
     </span>
     <span class='ocr_line' id='line_1_16' title="bbox 140 2143 1147 2244; baseline 0.005 -31"><span class='ocrx_word' id='word_1_95' title='bbox 140 2143 263 2214; x_wconf 90' lang='lat' dir='ltr'>titulus</span> <span class='ocrx_word' id='word_1_96' title='bbox 281 2159 347 2234; x_wconf 86' lang='lat' dir='ltr'>est,</span> <span class='ocrx_word' id='word_1_97' title='bbox 359 2146 473 2217; x_wconf 82' lang='lat' dir='ltr'>Maius</span> <span class='ocrx_word' id='word_1_98' title='bbox 490 2143 535 2216; x_wconf 89' lang='lat' dir='ltr'>ab</span> <span class='ocrx_word' id='word_1_99' title='bbox 557 2143 682 2244; x_wconf 76' lang='lat' dir='ltr'>Aquila</span> <span class='ocrx_word' id='word_1_100' title='bbox 693 2143 738 2216; x_wconf 91' lang='lat' dir='ltr'>de</span> <span class='ocrx_word' id='word_1_101' title='bbox 753 2143 874 2240; x_wconf 86' lang='lat' dir='ltr'>figuris</span> <span class='ocrx_word' id='word_1_102' title='bbox 890 2147 1147 2218; x_wconf 88' lang='lat' dir='ltr'>sententiarum</span> 
     </span>
     <span class='ocr_line' id='line_1_17' title="bbox 140 2255 1147 2356; baseline 0.004 -28"><span class='ocrx_word' id='word_1_103' title='bbox 140 2255 317 2328; x_wconf 89' lang='lat' dir='ltr'>scribente</span> <span class='ocrx_word' id='word_1_104' title='bbox 343 2258 492 2329; x_wconf 86' lang='lat' dir='ltr'>citatum</span> <span class='ocrx_word' id='word_1_105' title='bbox 517 2282 593 2329; x_wconf 90' lang='lat' dir='ltr'>esse</span> <span class='ocrx_word' id='word_1_106' title='bbox 610 2257 872 2329; x_wconf 87' lang='lat' dir='ltr'>animadvertit.</span> <span class='ocrx_word' id='word_1_107' title='bbox 900 2257 970 2328; x_wconf 87' lang='lat' dir='ltr'>Sed</span> <span class='ocrx_word' id='word_1_108' title='bbox 993 2259 1147 2356; x_wconf 86' lang='lat' dir='ltr'>ingenue</span> 
     </span>
     <span class='ocr_line' id='line_1_18' title="bbox 141 2369 1143 2466; baseline 0.003 -26"><span class='ocrx_word' id='word_1_109' title='bbox 141 2369 329 2461; x_wconf 79' lang='lat' dir='ltr'>fateamur,</span> <span class='ocrx_word' id='word_1_110' title='bbox 362 2369 453 2442; x_wconf 91' lang='lat' dir='ltr'>nihil</span> <span class='ocrx_word' id='word_1_111' title='bbox 484 2369 530 2442; x_wconf 89' lang='lat' dir='ltr'>ad</span> <span class='ocrx_word' id='word_1_112' title='bbox 561 2395 637 2443; x_wconf 90' lang='lat' dir='ltr'>rem</span> <span class='ocrx_word' id='word_1_113' title='bbox 666 2371 805 2444; x_wconf 88' lang='lat' dir='ltr'>erudita</span> <span class='ocrx_word' id='word_1_114' title='bbox 833 2371 916 2444; x_wconf 88' lang='lat' dir='ltr'>Maii</span> <span class='ocrx_word' id='word_1_115' title='bbox 938 2372 1143 2466; x_wconf 87' lang='lat' dir='ltr'>annotatio,</span> 
     </span>
     <span class='ocr_line' id='line_1_19' title="bbox 141 2482 1146 2582; baseline 0.004 -28"><span class='ocrx_word' id='word_1_116' title='bbox 141 2483 318 2580; x_wconf 85' lang='lat' dir='ltr'>siquidem</span> <span class='ocrx_word' id='word_1_117' title='bbox 347 2482 551 2582; x_wconf 84' lang='lat' dir='ltr'>exemplum</span> <span class='ocrx_word' id='word_1_118' title='bbox 579 2483 676 2558; x_wconf 89' lang='lat' dir='ltr'>idem</span> <span class='ocrx_word' id='word_1_119' title='bbox 704 2483 831 2556; x_wconf 90' lang='lat' dir='ltr'>iisdem</span> <span class='ocrx_word' id='word_1_120' title='bbox 854 2485 1005 2556; x_wconf 91' lang='lat' dir='ltr'>omnino</span> <span class='ocrx_word' id='word_1_121' title='bbox 1026 2483 1146 2560; x_wconf 82' lang='lat' dir='ltr'>verbis</span> 
     </span>
     <span class='ocr_line' id='line_1_20' title="bbox 141 2595 1147 2698; baseline 0.001 -31"><span class='ocrx_word' id='word_1_122' title='bbox 141 2619 347 2694; x_wconf 83' lang='lat' dir='ltr'>expressum</span> <span class='ocrx_word' id='word_1_123' title='bbox 374 2595 471 2695; x_wconf 90' lang='lat' dir='ltr'>apud</span> <span class='ocrx_word' id='word_1_124' title='bbox 493 2599 540 2669; x_wconf 88' lang='grc' dir='ltr'>Μ.</span> <span class='ocrx_word' id='word_1_125' title='bbox 566 2595 718 2669; x_wconf 86' lang='lat' dir='ltr'>Fabium</span> <span class='ocrx_word' id='word_1_126' title='bbox 742 2597 898 2698; x_wconf 89' lang='lat' dir='ltr'>reperias</span> <span class='ocrx_word' id='word_1_127' title='bbox 909 2599 933 2687; x_wconf 91' lang='lat'>¹,</span> <span class='ocrx_word' id='word_1_128' title='bbox 958 2611 994 2669; x_wconf 92' lang='lat' dir='ltr'>et</span> <span class='ocrx_word' id='word_1_129' title='bbox 1022 2621 1067 2668; x_wconf 91' lang='lat' dir='ltr'>eo</span> <span class='ocrx_word' id='word_1_130' title='bbox 1086 2621 1147 2668; x_wconf 87' lang='lat' dir='ltr'>ve·</span> 
     </span>
     <span class='ocr_line' id='line_1_21' title="bbox 140 2708 1145 2808; baseline 0.002 -28"><span class='ocrx_word' id='word_1_131' title='bbox 140 2709 320 2780; x_wconf 87' lang='lat' dir='ltr'>risimilius</span> <span class='ocrx_word' id='word_1_132' title='bbox 331 2709 374 2780; x_wconf 92' lang='lat' dir='ltr'>sit</span> <span class='ocrx_word' id='word_1_133' title='bbox 386 2734 430 2779; x_wconf 86' lang='lat' dir='ltr'>ex</span> <span class='ocrx_word' id='word_1_134' title='bbox 445 2710 524 2806; x_wconf 93' lang='lat' dir='ltr'>ipso</span> <span class='ocrx_word' id='word_1_135' title='bbox 539 2708 761 2796; x_wconf 88' lang='lat' dir='ltr'>Quintiliano</span> <span class='ocrx_word' id='word_1_136' title='bbox 774 2734 850 2784; x_wconf 89' lang='lat' dir='ltr'>esse</span> <span class='ocrx_word' id='word_1_137' title='bbox 867 2710 1029 2800; x_wconf 89' lang='lat' dir='ltr'>ductum,</span> <span class='ocrx_word' id='word_1_138' title='bbox 1045 2709 1145 2808; x_wconf 92' lang='lat' dir='ltr'>quod</span> 
     </span>
     <span class='ocr_line' id='line_1_22' title="bbox 140 2819 1146 2921; baseline 0.004 -30"><span class='ocrx_word' id='word_1_139' title='bbox 140 2819 311 2919; x_wconf 90' lang='lat' dir='ltr'>pleraque</span> <span class='ocrx_word' id='word_1_140' title='bbox 334 2846 413 2918; x_wconf 85' lang='lat' dir='ltr'>quae</span> <span class='ocrx_word' id='word_1_141' title='bbox 437 2822 474 2892; x_wconf 92' lang='lat' dir='ltr'>in</span> <span class='ocrx_word' id='word_1_142' title='bbox 503 2821 619 2920; x_wconf 90' lang='lat' dir='ltr'>capite</span> <span class='ocrx_word' id='word_1_143' title='bbox 640 2821 702 2892; x_wconf 93' lang='lat' dir='ltr'>illo</span> <span class='ocrx_word' id='word_1_144' title='bbox 730 2837 887 2921; x_wconf 78' lang='lat' dir='ltr'>praesunt</span> <span class='ocrx_word' id='word_1_145' title='bbox 908 2835 968 2893; x_wconf 90' lang='lat' dir='ltr'>aut</span> <span class='ocrx_word' id='word_1_146' title='bbox 993 2821 1146 2895; x_wconf 90' lang='lat' dir='ltr'>subsunt</span> 
     </span>
     <span class='ocr_line' id='line_1_23' title="bbox 141 2932 1144 3031; baseline 0.006 -28"><span class='ocrx_word' id='word_1_147' title='bbox 141 2932 313 3031; x_wconf 83' lang='lat' dir='ltr'>exempla,</span> <span class='ocrx_word' id='word_1_148' title='bbox 335 2956 355 3004; x_wconf 89' lang='lat' dir='ltr'>a</span> <span class='ocrx_word' id='word_1_149' title='bbox 373 2933 596 3021; x_wconf 88' lang='lat' dir='ltr'>Quintiliano</span> <span class='ocrx_word' id='word_1_150' title='bbox 613 2933 757 3026; x_wconf 90' lang='lat' dir='ltr'>eodem,</span> <span class='ocrx_word' id='word_1_151' title='bbox 777 2935 884 3007; x_wconf 89' lang='lat' dir='ltr'>etiam</span> <span class='ocrx_word' id='word_1_152' title='bbox 897 2935 1079 3008; x_wconf 82' lang='lat' dir='ltr'>interdurn</span> <span class='ocrx_word' id='word_1_153' title='bbox 1098 2936 1144 3009; x_wconf 88' lang='lat' dir='ltr'>ad</span> 
     </span>
     <span class='ocr_line' id='line_1_24' title="bbox 140 3046 1143 3148; baseline 0.006 -32"><span class='ocrx_word' id='word_1_154' title='bbox 140 3047 290 3120; x_wconf 87' lang='lat' dir='ltr'>verbum</span> <span class='ocrx_word' id='word_1_155' title='bbox 302 3046 511 3145; x_wconf 83' lang='lat' dir='ltr'>desumpta,</span> <span class='ocrx_word' id='word_1_156' title='bbox 525 3062 731 3147; x_wconf 90' lang='lat' dir='ltr'>persecutus</span> <span class='ocrx_word' id='word_1_157' title='bbox 745 3063 798 3120; x_wconf 90' lang='lat' dir='ltr'>est</span> <span class='ocrx_word' id='word_1_158' title='bbox 809 3050 945 3122; x_wconf 90' lang='lat' dir='ltr'>Victor.</span> <span class='ocrx_word' id='word_1_159' title='bbox 961 3053 1054 3148; x_wconf 82' lang='lat' dir='ltr'>Ergo</span> <span class='ocrx_word' id='word_1_160' title='bbox 1069 3075 1143 3123; x_wconf 92' lang='lat' dir='ltr'>non</span> 
     </span>
     <span class='ocr_line' id='line_1_25' title="bbox 141 3159 1144 3260; baseline 0.004 -31"><span class='ocrx_word' id='word_1_161' title='bbox 141 3159 224 3231; x_wconf 88' lang='lat' dir='ltr'>inde</span> <span class='ocrx_word' id='word_1_162' title='bbox 236 3160 347 3258; x_wconf 86' lang='lat' dir='ltr'>liquet</span> <span class='ocrx_word' id='word_1_163' title='bbox 360 3185 468 3258; x_wconf 90' lang='lat' dir='ltr'>quem</span> <span class='ocrx_word' id='word_1_164' title='bbox 478 3185 560 3232; x_wconf 87' lang='lat' dir='ltr'>vere</span> <span class='ocrx_word' id='word_1_165' title='bbox 578 3161 741 3258; x_wconf 83' lang='lat' dir='ltr'>Aquilam</span> <span class='ocrx_word' id='word_1_166' title='bbox 757 3160 825 3236; x_wconf 92' lang='lat' dir='ltr'>sibi</span> <span class='ocrx_word' id='word_1_167' title='bbox 843 3161 1024 3260; x_wconf 82' lang='lat' dir='ltr'>exemplar</span> <span class='ocrx_word' id='word_1_168' title='bbox 1040 3186 1144 3259; x_wconf 88' lang='lat' dir='ltr'>cepe·</span> 
     </span>
     <span class='ocr_line' id='line_1_26' title="bbox 141 3271 1145 3374; baseline 0.004 -32"><span class='ocrx_word' id='word_1_169' title='bbox 141 3273 204 3363; x_wconf 83' lang='lat' dir='ltr'>rit3</span> <span class='ocrx_word' id='word_1_170' title='bbox 220 3297 429 3372; x_wconf 88' lang='lat' dir='ltr'>quanquam</span> <span class='ocrx_word' id='word_1_171' title='bbox 442 3272 664 3374; x_wconf 83' lang='lat' dir='ltr'>probabilius</span> <span class='ocrx_word' id='word_1_172' title='bbox 681 3288 746 3366; x_wconf 92' lang='lat' dir='ltr'>est,</span> <span class='ocrx_word' id='word_1_173' title='bbox 765 3274 872 3364; x_wconf 79' lang='lat' dir='ltr'>Mein,</span> <span class='ocrx_word' id='word_1_174' title='bbox 891 3286 931 3344; x_wconf 93' lang='lat' dir='ltr'>ut</span> <span class='ocrx_word' id='word_1_175' title='bbox 946 3271 1145 3370; x_wconf 83' lang='lat' dir='ltr'>significare</span> 
     </span>
     <span class='ocr_line' id='line_1_27' title="bbox 142 3385 1145 3484; baseline 0.002 -28"><span class='ocrx_word' id='word_1_176' title='bbox 142 3386 293 3478; x_wconf 87' lang='lat' dir='ltr'>videtur,</span> <span class='ocrx_word' id='word_1_177' title='bbox 320 3402 483 3476; x_wconf 90' lang='lat' dir='ltr'>auctore,</span> <span class='ocrx_word' id='word_1_178' title='bbox 510 3386 673 3484; x_wconf 80' lang='lat' dir='ltr'>Aquilam</span> <span class='ocrx_word' id='word_1_179' title='bbox 697 3386 796 3460; x_wconf 91' lang='lat' dir='ltr'>hunc</span> <span class='ocrx_word' id='word_1_180' title='bbox 824 3385 946 3478; x_wconf 88' lang='lat' dir='ltr'>fuisse,</span> <span class='ocrx_word' id='word_1_181' title='bbox 973 3386 1074 3484; x_wconf 76' lang='lat' dir='ltr'>eujus</span> <span class='ocrx_word' id='word_1_182' title='bbox 1098 3386 1145 3458; x_wconf 91' lang='lat' dir='ltr'>de</span> 
     </span>
     <span class='ocr_line' id='line_1_28' title="bbox 140 3497 1144 3598; baseline 0.001 -29"><span class='ocrx_word' id='word_1_183' title='bbox 140 3497 326 3572; x_wconf 88' lang='lat' dir='ltr'>rhetoricis</span> <span class='ocrx_word' id='word_1_184' title='bbox 340 3501 476 3598; x_wconf 86' lang='lat' dir='ltr'>Figuris</span> <span class='ocrx_word' id='word_1_185' title='bbox 491 3514 660 3574; x_wconf 90' lang='lat' dir='ltr'>tractatus</span> <span class='ocrx_word' id='word_1_186' title='bbox 676 3499 722 3570; x_wconf 88' lang='lat' dir='ltr'>ad</span> <span class='ocrx_word' id='word_1_187' title='bbox 737 3512 876 3570; x_wconf 87' lang='lat' dir='ltr'>aetatem</span> <span class='ocrx_word' id='word_1_188' title='bbox 894 3513 1055 3570; x_wconf 86' lang='lat' dir='ltr'>nostram</span> <span class='ocrx_word' id='word_1_189' title='bbox 1072 3524 1144 3570; x_wconf 91' lang='lat' dir='ltr'>ser·</span> 
     </span>
     <span class='ocr_line' id='line_1_29' title="bbox 141 3610 975 3711; baseline -0.002 -29"><span class='ocrx_word' id='word_1_190' title='bbox 141 3626 242 3683; x_wconf 84' lang='lat' dir='ltr'>vatus</span> <span class='ocrx_word' id='word_1_191' title='bbox 260 3627 312 3684; x_wconf 88' lang='lat' dir='ltr'>est</span> <span class='ocrx_word' id='word_1_192' title='bbox 328 3626 363 3684; x_wconf 91' lang='lat' dir='ltr'>et</span> <span class='ocrx_word' id='word_1_193' title='bbox 379 3612 554 3711; x_wconf 86' lang='lat' dir='ltr'>pervenit.</span> <span class='ocrx_word' id='word_1_194' title='bbox 573 3615 627 3684; x_wconf 87' lang='lat' dir='ltr'>De</span> <span class='ocrx_word' id='word_1_195' title='bbox 649 3610 773 3710; x_wconf 84' lang='lat' dir='ltr'>Aquila</span> <span class='ocrx_word' id='word_1_196' title='bbox 789 3610 975 3682; x_wconf 87' lang='lat' dir='ltr'>hactenus.</span> 
     </span>
    </p>

    <p class='ocr_par' dir='ltr' id='par_1_5' title="bbox 140 3722 1145 3935">
     <span class='ocr_line' id='line_1_30' title="bbox 187 3722 1144 3800; baseline 0 -6"><span class='ocrx_word' id='word_1_197' title='bbox 187 3727 242 3795; x_wconf 88' lang='lat' dir='ltr'>Dc</span> <span class='ocrx_word' id='word_1_198' title='bbox 262 3727 520 3800; x_wconf 83' lang='lat' dir='ltr'>Marcomanno</span> <span class='ocrx_word' id='word_1_199' title='bbox 543 3737 664 3797; x_wconf 88' lang='lat' dir='ltr'>autem</span> <span class='ocrx_word' id='word_1_200' title='bbox 684 3722 774 3793; x_wconf 90' lang='lat' dir='ltr'>nihil</span> <span class='ocrx_word' id='word_1_201' title='bbox 796 3722 893 3794; x_wconf 89' lang='lat' dir='ltr'>aliud</span> <span class='ocrx_word' id='word_1_202' title='bbox 912 3723 1024 3796; x_wconf 85' lang='lat' dir='ltr'>Maius</span> <span class='ocrx_word' id='word_1_203' title='bbox 1045 3723 1144 3794; x_wconf 91' lang='lat' dir='ltr'>inve·</span> 
     </span>
     <span class='ocr_line' id='line_1_31' title="bbox 140 3835 1145 3935; baseline 0.004 -29"><span class='ocrx_word' id='word_1_204' title='bbox 140 3835 205 3929; x_wconf 89' lang='lat' dir='ltr'>nit,</span> <span class='ocrx_word' id='word_1_205' title='bbox 225 3837 294 3909; x_wconf 93' lang='lat' dir='ltr'>nisi</span> <span class='ocrx_word' id='word_1_206' title='bbox 310 3837 410 3934; x_wconf 89' lang='lat' dir='ltr'>qnod</span> <span class='ocrx_word' id='word_1_207' title='bbox 427 3837 504 3934; x_wconf 87' lang='lat' dir='ltr'>ejus</span> <span class='ocrx_word' id='word_1_208' title='bbox 522 3837 704 3935; x_wconf 84' lang='lat' dir='ltr'>praeceptis</span> <span class='ocrx_word' id='word_1_209' title='bbox 722 3835 1010 3934; x_wconf 77' lang='lat' dir='ltr'>fortunatianus,</span> <span class='ocrx_word' id='word_1_210' title='bbox 1029 3835 1145 3910; x_wconf 85' lang='lat' dir='ltr'>Victo·</span> 
     </span>
    </p>
   </div>
   <div class='ocr_carea' id='block_1_5' title="bbox 178 4093 828 4261">
    <p class='ocr_par' dir='ltr' id='par_1_6' title="bbox 178 4093 828 4261">
     <span class='ocr_line' id='line_1_32' title="bbox 180 4093 828 4176; baseline -0.006 -22"><span class='ocrx_word' id='word_1_211' title='bbox 180 4096 209 4153; x_wconf 87' lang='lat' dir='ltr'>l.</span> <span class='ocrx_word' id='word_1_212' title='bbox 234 4096 267 4154; x_wconf 88' lang='lat' dir='ltr'>C.</span> <span class='ocrx_word' id='word_1_213' title='bbox 283 4097 311 4154; x_wconf 82' lang='lat' dir='ltr'>J.</span> <span class='ocrx_word' id='word_1_214' title='bbox 326 4093 417 4165; x_wconf 71' lang='lat' dir='ltr'>Vico,</span> <span class='ocrx_word' id='word_1_215' title='bbox 433 4113 497 4172; x_wconf 85' lang='lat' dir='ltr'>cap.</span> <span class='ocrx_word' id='word_1_216' title='bbox 516 4113 596 4166; x_wconf 72' lang='lat' dir='ltr'>nn,</span> <span class='ocrx_word' id='word_1_217' title='bbox 611 4109 642 4176; x_wconf 89' lang='lat' dir='ltr'>p.</span> <span class='ocrx_word' id='word_1_218' title='bbox 660 4095 782 4166; x_wconf 56' lang='lat' dir='ltr'>tutuo.</span> <span class='ocrx_word' id='word_1_219' title='bbox 798 4095 828 4151; x_wconf 77' lang='lat' dir='ltr'>t.</span> 
     </span>
     <span class='ocr_line' id='line_1_33' title="bbox 178 4181 588 4261; baseline 0 -18"><span class='ocrx_word' id='word_1_220' title='bbox 178 4185 211 4243; x_wconf 78' lang='lat'>2.</span> <span class='ocrx_word' id='word_1_221' title='bbox 234 4181 369 4261; x_wconf 89' lang='lat' dir='ltr'>Quintil.,</span> <span class='ocrx_word' id='word_1_222' title='bbox 383 4185 469 4256; x_wconf 90' lang='lat' dir='ltr'>VIII,</span> <span class='ocrx_word' id='word_1_223' title='bbox 487 4186 522 4256; x_wconf 84' lang='lat'>3,</span> <span class='ocrx_word' id='word_1_224' title='bbox 539 4185 588 4243; x_wconf 88' lang='grc'>66.</span> 
     </span>
    </p>
   </div>
   <div class='ocr_carea' id='block_1_6' title="bbox 0 0 1441 5056">
    <p class='ocr_par' dir='ltr' id='par_1_7' title="bbox 0 0 1441 5056">
     <span class='ocr_line' id='line_1_34' title="bbox 0 0 1441 5056; baseline 0 0"><span class='ocrx_word' id='word_1_225' title='bbox 0 0 1441 5056; x_wconf 95' lang='lat' dir='ltr'> </span> 
     </span>
    </p>
   </div>
  </div>
 </body>
</html>
