2880 5058
553 289 803 394 -tot-'

162 467 293 542 sessum
312 485 554 562 transcamus,
582 495 696 570 pauca
721 471 763 542 iis
781 469 935 568 adjicere
951 472 1072 566 liceat,
1087 489 1168 576 quae

161 581 299 677 singula
322 584 468 682 singulis
484 584 597 682 ignoti
613 583 766 656 rhetoris
790 584 835 656 de
851 598 1000 692 utraque
1015 614 1054 660 re
1077 613 1168 688 prae·

161 696 275 793 ceptis
308 695 538 794 subjecimus.
577 696 686 786 Quod
720 699 749 769 si
783 699 929 770 minutis
972 701 1045 791 iis,
1079 728 1168 801 quas

162 808 316 880 vicissim
341 810 388 882 ad
404 811 477 884 duo
504 810 629 882 ultima
653 810 805 883 Victoris
829 812 1035 888 Rhetoriccs
1052 819 1171 916 capita

162 921 401 1014 contulimus,
433 923 748 1023 disputationibus,
784 927 967 1022 generales
994 929 1170 1025 quasdam

162 1034 439 1110 conclusionum
481 1037 615 1110 formas
647 1037 841 1132 addemus,
876 1040 952 1112 haec
992 1043 1169 1140 imprimis

161 1147 363 1248 colligenda
391 1167 428 1224 et
455 1143 496 1222 in¹
518 1152 654 1224 lumine
671 1153 943 1250 quodammodo
959 1153 1171 1229 collocanda

161 1289 238 1336 esse
263 1264 369 1337 nobis
390 1265 571 1357 videntur,
603 1293 682 1364 quae
697 1293 811 1365 qnum
831 1293 875 1340 ex
899 1270 999 1342 omni
1017 1271 1171 1344 Victoris

161 1377 208 1451 de
239 1379 427 1452 rhetoricis
455 1365 590 1454 artibus
618 1381 817 1471 breviario,
854 1397 932 1454 tum
964 1407 1008 1454 ex
1037 1383 1171 1458 ultimis

160 1489 259 1562 hisce
290 1492 451 1588 ejusdem
478 1494 642 1592 opusculi
672 1494 849 1592 capitibus
880 1495 981 1576 lacile
1011 1495 1173 1570 derivata

161 1603 246 1676 duci
274 1620 440 1705 possunt.
466 1609 548 1676 Haec
572 1606 678 1702 igitur
705 1606 751 1698 ad
779 1621 850 1680 tres
873 1607 950 1680 illas
974 1609 1172 1707 praecipuas

161 1735 456 1816 argumentorum
469 1719 625 1791 rationes
639 1721 760 1791 omnia
775 1745 851 1792 esse
865 1719 1068 1794 revocanda
1079 1720 1173 1794 arbi-

161 1846 250 1904 tror.
272 1834 390 1906 Primo
407 1833 540 1906 scilicet
556 1832 658 1923 loco,
678 1837 718 1904 C.
738 1834 851 1904 Julius
867 1835 990 1906 Victor
1004 1835 1173 1914 Tullianae

162 1943 377 2042 eloquentiae
398 1945 561 2018 assiduus
578 1959 630 2017 est
647 1931 682 2017 et
699 1947 989 2042 diligentissimus
1007 1948 1044 2018 in
1071 1949 1174 2020 omui

162 2058 345 2132 scribendi
356 2075 391 2132 et
404 2060 551 2133 dicendi
561 2086 691 2157 genere
704 2061 833 2134 lautor.
847 2060 1014 2134 Secundo
1027 2075 1149 2133 autem
1156 2117 1168 2150 ,

162 2171 247 2244 inde
260 2171 299 2245 fit
310 2189 348 2245 ut
360 2175 545 2271 religiosus
560 2175 715 2272 antiquae
731 2174 905 2247 facundiae
922 2188 956 2246 et
969 2175 1175 2272 scriptionis

162 2286 372 2376 admirator,
393 2285 605 2385 plerumque
621 2289 658 2358 in
673 2290 891 2360 mutationes
903 2289 980 2360 illas
996 2285 1174 2359 sentiendi

165 2414 202 2472 et
213 2399 408 2497 eloquendi
425 2400 628 2492 invehatur,
648 2425 735 2497 quas
752 2425 848 2476 nova
865 2397 948 2500 post
962 2401 1175 2473 Ciceronem

163 2528 371 2611 temporum
388 2512 506 2585 studia
531 2512 742 2606 attulerant,
763 2515 887 2586 inanes
905 2539 1037 2613 nempe
1054 2512 1172 2586 decla-

163 2626 421 2715 matiunculas,
448 2641 484 2698 et
506 2625 587 2724 plus
616 2651 720 2724 aequo
749 2626 877 2698 densas
896 2627 1111 2715 sententias,
1138 2639 1175 2696 et

164 2765 314 2836 omnem
331 2742 368 2810 in
382 2740 604 2839 panegyricis
620 2740 821 2830 licentiam,
842 2755 877 2810 et
892 2753 1030 2810 ceteros
1046 2739 1083 2808 in
1101 2736 1175 2807 elo-

166 2853 242 2949 quii
263 2852 428 2924 acumine
442 2876 484 2922 ac
497 2851 616 2922 nitore
627 2849 753 2946 judicii
769 2873 924 2939 errores,
938 2873 1030 2946 quos
1045 2848 1175 2918 incon-

165 2967 264 3040 sultae
295 2965 519 3038 audientium
551 2964 826 3036 acclamationes
855 2978 962 3060 atque
990 2961 1102 3032 nimia
1132 2959 1175 3032 iis

163 3079 333 3180 placendi
363 3077 591 3152 recitantium
625 3076 759 3178 cupido
802 3079 1023 3150 invexerant.
1058 3074 1175 3146 Tertio
1248 3105 1250 3110 ·

165 3195 343 3293 denique,
362 3193 515 3266 libenter
538 3193 721 3266 Victorem
745 3192 952 3291 suspiceris,
984 3191 1058 3260 sive
1083 3187 1176 3259 illius

164 3311 327 3402 virtutes,
342 3309 415 3381 sive
433 3308 515 3379 vitia
529 3306 735 3399 contuleris,
749 3306 971 3379 Gallicorum
987 3303 1175 3376 rhetorum

166 3420 319 3518 ingeniis
336 3442 569 3490 communem
585 3416 781 3513 quemdam
796 3439 964 3513 saporem
981 3427 1016 3486 et
1032 3426 1177 3510 gustum

166 3533 351 3625 redolere3
381 3558 423 3605 ac
439 3547 609 3631 praeterea
625 3529 685 3600 illa
706 3530 783 3628 ipsa
804 3527 1032 3627 praeceptoris
1047 3525 1177 3598 severi·

167 3663 259 3739 tate,
276 3673 346 3744 qua
363 3644 528 3744 quaedam
543 3645 734 3742 vituperat,
756 3667 832 3712 non
851 3641 970 3712 minus
992 3663 1101 3736 quam
1116 3637 1178 3710 illa

169 3761 388 3854 assiduitate,
406 3784 478 3856 qua
492 3758 631 3830 diversa
645 3755 810 3854 quaedam
826 3755 956 3828 iterum
975 3753 1178 3848 iterumque

171 3873 374 3964 collaudat,
410 3897 485 3944 non
520 3870 633 3942 modo
663 3868 842 3942 Gallicum
871 3865 1078 3954 rhetorem,
1112 3859 1178 3935 sed

170 3991 279 4064 etiam
297 4015 334 4062 ιν
354 3987 471 4061 saecrdi
487 3986 676 4060 hominem
692 3982 819 4056 videri.
1166 4055 1169 4062 ⁴

219 4103 323 4197 Nunc
334 4098 489 4198 primam
505 4093 724 4192 generalium
731 4091 902 4167 harumce
910 4087 1018 4160 totius
1027 4082 1178 4159 Victoris
