2880 5058
540 377 767 453 ...4432

150 527 587 606 amoenissimum
596 529 770 626 inspersu.
785 528 972 623 lttVietor,
982 533 1161 604 constanti

148 665 283 724 utera.
295 650 421 722 onnia
441 647 563 722 sardia
576 661 612 718 et
624 665 749 746 opera,
765 670 916 720 snorum
932 647 1160 724 admirationi

148 779 261 861 aaron
297 762 494 834 in'tttioni
528 761 759 861 proponendi
802 763 1067 835 consuetudine·
1104 766 1160 835 in-

143 877 296 969 dictim,
310 899 386 946 nun
395 876 520 974 ,nogia
529 875 580 946 de
590 874 797 946 &lamminis
809 875 997 973 aequalium
1012 898 1162 949 suorum

145 989 285 1064 ἰωὴ
300 989 478 1087 Sequenti
492 1009 604 1061 manu
621 989 819 1079 versandl's,
845 1011 955 1088 quam
974 987 1019 1061 de
1037 991 1163 1062 ceteris

148 1106 364 1179 corumdem
388 1119 449 1176 nrt
471 1105 642 1176 materiis,
654 1105 983 1197 exercitationibus,
1005 1118 1067 1175 aut
1084 1127 1164 1176 ora·

143 1217 331 1311 *ducllum
347 1233 414 1292 aut
438 1217 556 1310 libris,
585 1217 871 1291 aelrnonitinnem
895 1217 1091 1314 quamdam
1123 1216 1162 1288 in

148 1331 412 1430 wmpcndium
425 1351 530 1403 suant
547 1331 695 1420 inserit,
722 1354 794 1428 qua
816 1345 978 1403 recentes
1005 1329 1164 1426 ingenio·

148 1466 233 1516 curn
252 1445 392 1518 scuctw
399 1445 622 1542 aliqsruteuus
639 1441 1065 1542 comprobarevideatur.
1080 1445 1162 1529 Quo

147 1555 1163 1655 fltut‚·sinoeruslioetacreligiosus‘Ttrllianaeeloquentiae

99 1684 103 1692 '
150 1669 361 1759 admirator,
372 1693 486 1770 quum
497 1669 695 1764 nibilinde,
709 1672 835 1743 sivein·
846 1695 952 1742 sunm
969 1692 1074 1768 opus,
1090 1667 1164 1739 siue

150 1782 191 1854 in
206 1801 386 1884 praecepta
404 1811 484 1884 quae
510 1809 534 1857 a
553 1785 668 1856 Tullio
693 1787 860 1874 assumit,
881 1805 1108 1881 generosum,
1129 1795 1165 1856 et

151 1919 175 1968 u
189 1913 319 1996 sponte
336 1920 403 1971 sua·
414 1899 567 1998 plurima
582 1898 736 1969 creantis
763 1897 896 1994 ingenii
917 1898 1052 1994 impetu
1079 1916 1165 1992 pro-

150 2009 302 2103 fectum,
325 2013 512 2083 transierat
530 2035 572 2081 ac
596 2033 661 2108 pen
676 2033 714 2080 sc
738 2009 901 2103 adjiciat,
921 2007 1010 2077 nibil
1030 2005 1165 2077 alinde

151 2122 331 2194 curribus
347 2121 496 2196 dicendi
508 2123 681 2220 magistris
706 2137 813 2218 atque
835 2123 945 2193 etiarn
965 2121 1162 2206 Cicerone,

150 2250 194 2307 nt
220 2235 398 2326 diximus,
418 2238 489 2307 nisi
500 2235 717 2332 jamdudum
747 2235 934 2330 vulgatum
956 2247 991 2304 et
1013 2232 1164 2302 omnino

152 2349 271 2422 sterile
304 2364 502 2421 mutuetur.
539 2348 726 2446 Quidquid
757 2348 865 2444 igitur
899 2347 985 2417 recti
1014 2343 1163 2440 judicii,

152 2460 331 2559 quidquid
347 2464 422 2534 veri
436 2485 579 2554 scnsrrs,
601 2459 650 2531 ad¹
668 2460 709 2530 id
722 2456 823 2532 relati
848 2459 952 2556 qnod·
972 2473 1096 2556 aptum
1114 2471 1166 2528 est

153 2599 198 2648 ac·
211 2575 334 2666 decet,
354 2574 533 2673 quidquid
550 2573 693 2672 saponis
714 2595 762 2644 eatv
779 2573 939 2670 antiquae
954 2569 1166 2666 eloquentiae

153 2688 392 2760 admiratione
424 2704 531 2784 atque
568 2685 884 2757 commendatione
922 2684 1020 2754 ducti
1057 2681 1165 2752 habet

155 2807 196 2875 C.
226 2800 338 2872 lulius
361 2803 494 2893 Victor,
523 2799 561 2870 id
594 2797 640 2871 a'd
672 2797 761 2868 nihil
788 2797 883 2870 aliud
912 2795 1071 2893 prodest,
1098 2793 1165 2863 nisi

155 2931 195 2988 ut
211 2917 395 2987 manifesta
414 2912 721 3011 argumentatione
738 2911 971 3000 demonstret,
990 2921 1166 3004 quantum

155 3053 265 3126 opera
283 3027 426 3100 obscuri
448 3026 605 3099 bominis
621 3027 658 3096 in
677 3025 806 3096 scholis
828 3036 1034 3096 constanter
1060 3019 1165 3090 innu-

156 3143 242 3233 triti,
262 3158 368 3238 atque
384 3144 421 3211 in
443 3140 542 3212 libris
561 3139 688 3210 frustra
711 3135 984 3236 impallescentis
1005 3131 1163 3230 optimis,

155 3256 296 3326 irritum
312 3253 565 3326 tantummodo
579 3275 674 3322 sanes
687 3251 901 3347 eloquentiae
919 3269 1080 3319 amorem
1098 3257 1167 3314 tes-

157 3382 288 3440 tentur.
313 3368 408 3440 Talia
424 3389 580 3462 namque
599 3388 709 3462 opera
728 3363 825 3434 nulla
843 3362 981 3432 ratione
1005 3362 1169 3454 tempora

157 3495 193 3552 et
210 3481 326 3554 studia
341 3495 375 3552 et
385 3479 521 3577 judicia
537 3476 696 3549 indicare
712 3489 878 3574 possunt,
898 3475 970 3544 sive
983 3485 1168 3542 oratorum

158 3606 193 3666 et
208 3595 437 3692 scriptorum,
456 3592 530 3663 sive
547 3590 748 3662 communis
762 3588 952 3659 bominum
968 3581 1093 3671 turbae,
1106 3581 1170 3678 qui

157 3731 220 3780 eos
238 3723 300 3780 aut
318 3707 469 3778 audiunt
485 3720 546 3776 aut
564 3703 698 3801 legunt.
723 3701 831 3789 Quod
848 3699 1012 3799 prolecto
1034 3695 1170 3767 Victori

158 3834 306 3910 nostr0,
327 3818 489 3916 quamvis
510 3815 683 3915 quasdam
703 3813 751 3885 ob
770 3812 901 3910 ingenii
923 3809 1038 3902 dotes,
1062 3807 1171 3880 Galli·

158 3957 242 4006 cum
254 3933 330 4028 jam
344 3955 509 4030 saporem
526 3929 688 4002 redolere
704 3925 808 3999 nobis
827 3924 922 3997 visus
940 3925 1007 4013 sit,
1025 3920 1167 3994 accidit.

159 4051 352 4145 Propterea
369 4045 465 4115 enim
481 4042 580 4139 quod
597 4041 711 4112 multo
730 4039 858 4137 magis,
876 4062 985 4136 quam
1002 4032 1170 4124 decebat,

158 4184 181 4233 a
196 4155 420 4256 temporibus
435 4156 507 4227 suis
525 4169 561 4228 et
576 4153 785 4226 bominibus
803 4167 838 4224 et
853 4147 1037 4223 laboribus
1058 4170 1096 4219 se
1114 4169 1170 4218 re·
