2866 5056
419 789 600 882 CAPUT
653 789 895 885 PRIMUM.

126 1105 128 1110 Ι
213 1135 280 1220 Sl.
296 1141 341 1196 De
354 1135 389 1196 iis
399 1154 464 1216 quae
478 1133 514 1194 ab
527 1139 705 1215 Hermagora
716 1135 837 1238 'seniore
850 1140 882 1200 (L
899 1137 995 1202 Julius
1008 1141 1106 1204 Victor

537 1251 539 1256 ·
581 1238 747 1306 assumpsit.

202 1493 282 1560 lam
305 1503 426 1563 autem
449 1487 704 1588 quadrifariam
728 1489 883 1564 divisum
906 1519 998 1594 opus
1023 1501 1160 1590 exorsi,

150 1603 297 1677 adeam
320 1603 683 1701 primumveniamus
701 1604 899 1697 rationem,
922 1633 993 1704 qua
1010 1616 1163 1684 Herma-

151 1747 247 1820 gorae
272 1735 448 1820 praecepta
474 1721 596 1792 Victor
617 1721 654 1791 in
678 1721 824 1819 eologen
847 1748 949 1796 suam
968 1730 1159 1803 transtulit.

151 1833 469 1920 Quemadmodum
486 1837 724 1928 Hermagoras
752 1859 773 1906 a
791 1837 1014 1924 Quintiliano
1045 1866 1163 1940 repre-

151 1945 284 2018 hensus
306 1947 406 2042 quod
424 1946 641 2018 rhetoricam
666 1944 866 2020 definiverit
885 1952 1162 2047 persuasibiliter

151 2057 294 2129 dicendi
322 2061 470 2151 artem¹,
499 2073 677 2130 ettamen
704 2083 725 2128 a
748 2059 926 2159 plerisque
954 2064 1158 2157 rhetorum,

150 2170 212 2266 qui
227 2171 325 2271 apud
338 2172 481 2242 Latinos
499 2170 629 2242 deiude
645 2172 816 2266 usquead
830 2174 1008 2246 incertum
1025 2176 1157 2249 Rheto-

150 2284 240 2355 rioes
255 2283 428 2356 mendose
446 2284 531 2356 divo
553 2286 749 2380 Augustino
775 2289 935 2387 ascriptae
956 2305 1156 2382 auctorem,

149 2422 263 2494 usque
279 2397 326 2469 ad
343 2396 589 2496 Hispalensem
605 2397 784 2470 lsidorum
805 2401 915 2473 secuti
938 2418 1039 2492 sunt,
1058 2406 1095 2475 in
1118 2429 1160 2477 ea
1229 2399 1232 2404 ’

148 2506 241 2581 bene
258 2508 401 2580 dicendi
416 2508 572 2580 scientiae
591 2507 801 2582 definitione
819 2512 1095 2610 comprobatus;
1111 2515 1160 2586 ita

148 2623 268 2693 statim
284 2646 306 2692 a
324 2621 530 2720 compendii
548 2621 726 2720 principio
747 2625 788 2694 C.
807 2622 920 2696 Julius
938 2627 1061 2699 Victor
1078 2652 1158 2702 ora·

149 2737 235 2806 toris
253 2734 412 2806 officium
429 2759 503 2806 esse
518 2733 640 2804 scribit
653 2734 690 2804 in
703 2759 746 2806 ea
759 2737 968 2840 quaestione,
986 2763 1065 2835 quae
1080 2765 1159 2810 ver·

147 2863 246 2922 sanir
261 2849 298 2919 in
315 2847 466 2944 negotiis
489 2845 669 2937 civilibus,
694 2871 799 2943 posse
821 2847 1001 2945 probabili
1024 2864 1060 2921 et
1075 2865 1159 2948 apta

146 2961 194 3033 ad
205 2959 497 3059 persuadendum
514 2960 677 3030 oratione
691 2959 744 3030 uti
752 2961 774 3029 ¹.
796 2959 934 3031 Eodem
952 2959 1025 3033 lere
1035 2987 1155 3055 sensu,

147 3075 334 3173 paululum
351 3099 439 3146 vero
471 3073 666 3144 immutatis
684 3072 825 3161 verbis,
845 3074 998 3148 oratoris
1017 3079 1159 3148 muneri

147 3201 225 3258 tum
241 3187 316 3280 alii,
336 3202 413 3259 turn
433 3187 611 3284 praecipue
629 3199 663 3258 et
683 3186 1026 3282 Pseudaugustinus³
1042 3203 1077 3260 et
1093 3190 1158 3260 lsi·-

146 3300 278 3372 dorus‘
300 3301 490 3400 proprium
512 3298 622 3369 finem
644 3298 933 3394 assignaverunt,
954 3326 998 3373 eo
1019 3299 1159 3380 nihilo-

145 3415 265 3486 minus
289 3413 508 3502 discrimine,
530 3427 571 3483 ut
589 3409 764 3503 lsidorus,
782 3413 898 3483 sicuti
922 3413 1158 3486 christianum

144 3525 331 3599 hominem
350 3526 512 3618 decebat,
529 3523 576 3597 ad
584 3521 689 3622 justo
706 3540 744 3594 et
757 3523 848 3594 bona
865 3524 1158 3623 persuadendum

145 3637 335 3711 addiderit.
353 3643 433 3712 Nou
449 3638 538 3710 milri
556 3636 741 3736 disputare
757 3637 930 3710 inanimo
946 3636 1059 3711 estde
1077 3635 1157 3712 fmi-

144 3831 215 3916 151.
235 3834 372 3910 ,Quinut.,
387 3839 431 3909 11,
449 3839 498 3894 rs.

184 3929 214 3984 2·
237 3928 270 3986 C.
284 3930 311 3984 J.
327 3925 401 3985 vict.
413 3969 421 3999 ,
435 3946 466 4005 p.
481 3928 510 3984 3,

184 4018 214 4074 3.
238 4016 338 4076 burel.
352 4017 506 4096 Angustia.
523 4017 652 4095 Prinrrp.
666 4013 785 4092 rhetor„
800 4035 864 4098 cap.
881 4035 916 4073 n.

183 4109 214 4164 1.
240 4107 335 4185 orig„
351 4106 396 4188 111,
413 4106 479 4188 cap.
495 4109 526 4164 2.
