2880 5058
549 406 768 478 -137-

155 556 300 629 eonium
313 556 456 630 missam
467 557 640 627 memoria
651 573 784 630 teneat.
797 562 877 629 Non
888 557 988 655 quod
1005 557 1161 657 denique
1259 551 1261 556 ¹

157 693 233 740 uon
251 693 294 740 ea
310 669 431 742 addita
446 684 538 740 esset
557 669 742 742 rhetorum
758 685 1014 768 oratorumque
1025 673 1105 762 arti,
1117 697 1161 744 es

156 782 343 854 communi
361 781 551 879 opinione,
570 782 647 853 laus
661 798 696 854 et
714 783 995 875 commendatio,
1015 799 1052 855 ut
1069 805 1161 882 saepe

157 918 238 966 eam
255 911 460 969 exercerent
475 921 549 967 non
567 895 694 984 modo',
708 897 799 966 sicut
812 889 933 966 llo'mae
945 896 1045 986 olim,
1058 897 1161 992 igno·

156 1005 218 1079 bili
237 1009 345 1107 stirpe
359 1009 527 1081 homines
544 1010 633 1100 orti,
653 1009 716 1080 sed
734 1011 841 1082 etiam
856 1009 1082 1108 amplissimis
1099 1036 1163 1085 na·

158 1119 287 1192 talibus
304 1121 457 1194 illustres
473 1123 553 1194 viri.
573 1123 679 1210 Quod
699 1147 812 1220 quum
830 1122 896 1194 alia
914 1121 1064 1211 indicia,
1083 1137 1162 1196 tum

158 1233 323 1330 quaedam
333 1237 480 1306 Ausonii
492 1261 643 1334 operum
653 1236 731 1308 loca
749 1235 983 1327 confirmant,
997 1236 1059 1332 qui
1070 1237 1163 1307 inter

159 1345 420 1442 Burdigalensis
435 1347 565 1420 scholae
582 1349 802 1447 professores
824 1349 957 1421 Attium
983 1352 1162 1419 Pateram¹

159 1459 322 1530 nominat
334 1460 751 1559 Bajocassensem,stirpe
759 1458 978 1534 Druidarum
988 1475 1165 1552 satum,et

159 1570 359 1652 Citarium².
379 1587 415 1643 et
431 1573 588 1657 Acilium¹
598 1575 833 1646 Glabrionem
850 1585 1036 1646 stemmate
1057 1574 1164 1645 nobi·

159 1685 245 1771 lium
264 1685 461 1758 deductum
479 1711 649 1778 avorum,
676 1689 831 1786 aquilini
855 1689 1060 1776 Dardanum
1078 1713 1164 1786 pro-

160 1799 314 1896 geniem.
334 1804 467 1873 Contra
489 1817 608 1872 autem
628 1805 804 1874 Ausonius
820 1803 988 1899 Crispum
1004 1815 1039 1873 et
1058 1790 1165 1874 Urbi·

132 1916 274 2004 scum⁸,
295 1916 546 2008 grammaticos
573 1917 716 1987 Latinos
741 1931 776 1986 et
806 1918 961 2002 Graecos,
994 1914 1165 1988 meruisse

159 2025 246 2098 dicit
273 2028 388 2116 nasci,
422 2042 460 2097 ut
486 2027 647 2100 cluerent
670 2026 831 2125 patribus
857 2027 1041 2123 ingenuis3
1074 2027 1165 2099 adeo

156 2139 231 2236 jam
242 2141 371 2212 assueti
382 2155 483 2212 erant
491 2140 867 2238 Galliprolessoribus,
888 2155 948 2212 aut
965 2165 1006 2211 ex
1025 2138 1163 2232 illustri,

122 2253 125 2260 ’
158 2267 221 2338 aut
247 2273 290 2324 ex
309 2252 464 2325 honesto
488 2254 613 2327 saltem
645 2279 775 2352 genere
801 2255 899 2326 ortis.
932 2257 1055 2350 Neque
1081 2275 1167 2324 sane

159 2366 414 2438 admirandum
441 2384 494 2439 est
521 2383 640 2439 utrum
668 2369 853 2466 conspicui
878 2366 1055 2440 natalibus
1085 2365 1165 2456 viri,

161 2481 235 2550 sive
254 2479 472 2570 rhetoricen,
496 2481 570 2553 sive
589 2481 696 2554 etiam
716 2482 985 2578 grammaticen,
1004 2477 1168 2574 vulgo'in

161 2590 295 2682 Galliis,
316 2592 463 2664 Ausonii
491 2609 606 2683 aetate,
637 2594 846 2682 docuerint3
868 2618 981 2690 quum
1003 2592 1078 2686 jam
1103 2593 1170 2663 fre·

160 2705 353 2804 quentibus
367 2707 580 2778 testimoniis
597 2707 634 2778 id
648 2708 873 2778 menifestum
891 2731 967 2777 esse
981 2705 1168 2802 agnoveri-

160 2845 261 2908 mus,
289 2844 381 2917 saepe
415 2819 559 2892 dicendi
593 2820 778 2916 magistros
811 2818 1017 2916 principum
1049 2813 1170 2887 liberis

160 2930 403 3021 instituendis,
419 2934 622 3022 Frontonis,
642 2931 724 3004 lulii
739 2932 879 3023 Titiani,
890 2927 1024 3000 AEmilii
1035 2927 1167 3023 lllagui,

162 3044 317 3135 Arborii,
327 3045 664 3143 ExuperiiTolosani
677 3044 843 3136 rhetoris,
861 3043 1007 3115 Ausonii
1017 3041 1127 3140 ipsius
1135 3052 1172 3112 et

161 3158 310 3242 fortasse
331 3163 372 3229 C.
398 3157 479 3230 lulii
501 3160 615 3231 nostri
638 3138 793 3230 Victoris
809 3182 924 3248 more,
943 3155 1167 3256 praepositos,

161 3272 209 3344 ad
225 3297 366 3344 summa
382 3271 514 3343 deinde
528 3272 711 3342 honorum
729 3295 880 3344 munera
910 3268 1046 3340 idcirco
1064 3267 1170 3337 suisse

161 3400 365 3483 provectos.
386 3385 457 3456 Sed
474 3399 604 3458 cuncta
620 3385 681 3456 illa
693 3384 840 3481 praemia
857 3383 1070 3455 exstinctam
1081 3381 1171 3474 jam-

163 3496 303 3570 dudum
327 3499 484 3570 civilium
502 3500 674 3571 virtutum
697 3513 732 3570 et
749 3497 832 3569 ideo
845 3495 1063 3597 eloquentiae
1079 3493 1166 3580 vim,

162 3635 272 3708 quam
303 3626 427 3708 pectus
458 3627 493 3683 et
519 3637 638 3683 mores
668 3627 703 3683 et
731 3626 895 3710 tempora
915 3604 1170 3680 tautummodo

162 3722 309 3814 sariunt,
328 3748 498 3797 revocare
514 3750 589 3796 non
608 3740 787 3822 poterant.

212 3849 291 3918 Jam
309 3845 356 3918 ad
376 3845 486 3919 finem
508 3843 663 3918 vicissim
682 3843 909 3918 describendi
926 3841 1169 3941 pervenimus,

204 4014 236 4069 r.
259 4015 369 4070 iason.
386 3969 555 4086 roseam,
570 4015 624 4072 rx.
641 4011 685 4072 cf.
702 4011 773 4069 tua
790 4013 836 4085 x,
853 4010 955 4068 mes.
1071 4062 1074 4068 .

204 4104 236 4162 a.
257 4099 621 4174 1a.,uu.‚xrv.xxv.

205 4194 235 4250 a.
257 4191 531 4268 1d.,tbrd.‚xxtl.
