2880 5058
573 409 770 482 ..83-

163 557 252 631 dum
271 557 525 630 essetrltimum
539 555 693 630 rhetoris
711 558 832 630 nostri·
840 574 971 657 caput,
989 575 1073 634 ante
1088 565 1171 637 uait

163 671 362 761 editionem
377 673 560 768 ignotum,
580 671 742 744 videtur.¹

217 813 235 853 a
253 787 262 821 ¹
276 784 442 883 Epistolis
450 787 673 858 conveniunt
684 784 797 857 multa
809 809 937 857 eorum
948 811 1028 884 quae
1039 788 1084 860 de
1097 810 1170 863 sor·

163 923 274 971 mone
292 915 469 997 praeopta
495 915 591 972 sunt.
611 899 852 997 Epistularum
879 901 1014 997 species
1038 902 1171 1002 duplex

162 1027 228 1083 est.
247 1015 338 1083 Sunt
360 1013 458 1084 enim
474 1028 537 1086 ant
554 1012 749 1109 negotiales
763 1027 824 1085 aut
841 1011 1040 1086 familiares.
1056 1019 1171 1113 Nego·

163 1124 263 1197 tiales
290 1139 376 1196 sunt
404 1141 616 1223 argumento
643 1124 829 1222 negotioso
851 1138 886 1196 et
906 1127 1016 1222 gravi.
1029 1133 1076 1199 ·ln
1098 1128 1170 1202 hoc
1229 1207 1232 1214 .

163 1261 294 1335 genere
310 1253 344 1310 et
361 1241 617 1311 sententiarum
628 1240 802 1338 pondera,
817 1253 853 1310 ct
864 1239 1172 1317 verborum'lumi·
1301 1261 1303 1268 “

163 1375 223 1444 na,
245 1367 281 1423 et
296 1350 491 1448 figurarum
513 1354 665 1450 insignia
689 1351 895 1451 compendii
919 1377 1029 1450 opera
1050 1358 1170 1454 requi·

162 1479 304 1556 rantur,
330 1479 438 1562 atque
463 1467 586 1537 omnia
613 1465 769 1563 denique
791 1467 949 1538 oratoria
974 1485 1168 1568 praecepta,

164 1603 237 1654 una
253 1579 365 1651 modo
381 1580 603 1678 exceptione,
625 1595 663 1652 ut
681 1579 816 1678 aliquid
830 1581 875 1652 de
892 1583 1041 1653 summis
1058 1585 1171 1683 copiis

164 1691 408 1782 detrahamus,
420 1707 456 1764 et
472 1694 673 1768 orationem
691 1696 858 1792 proprius
872 1719 994 1766 sermo
1004 1696 1168 1795 explicet.

163 1808 199 1876 Si
217 1806 307 1904 quid
324 1805 535 1878 historicum
552 1807 702 1906 epistola
721 1807 1050 1906 comprehenderis,
1066 1810 1172 1882 decli·

162 1920 243 1994 nari
261 1934 405 2017 oportet
428 1944 449 1992 a
470 1920 577 2018 plana
601 1919 754 1992 formula
774 1919 943 2012 historiae,
962 1947 1010 1994 ne
1029 1924 1173 1996 recedat

163 2031 209 2106 ab
222 2031 380 2130 epistolae
404 2034 527 2128 gratia.
545 2034 581 2104 Si
596 2033 684 2131 quid
699 2034 809 2104 etiam
829 2033 1002 2106 eruditius
1019 2035 1169 2126 scribas,

163 2146 214 2218 sic
230 2145 393 2243 disputa,
413 2145 684 2218 utne-modum
701 2145 859 2244 epistolm
886 2170 1108 2244 corrumpas.
1129 2153 1172 2221 ln

163 2259 396 2333 liminaribus
424 2260 552 2332 litteris
581 2261 699 2359 primo
730 2259 886 2332 brevitas
915 2259 1168 2333 observanda:

163 2371 477 2470 ipsarumquoque
485 2374 745 2446 sententiarum
756 2395 801 2445 ne
813 2373 1169 2467 diucircumsoratur,
1192 2412 1194 2419 ·

163 2486 262 2583 quod
281 2489 370 2558 Cato
385 2487 444 2576 ait,
461 2486 621 2581 ambitio,
640 2487 704 2559 sed
722 2488 771 2558 ita
784 2487 1003 2580 recidantur,
1020 2495 1172 2561 ut'nun-

163 2623 274 2697 quam
290 2599 391 2672 verbi
409 2600 544 2696 aliquid
565 2600 689 2674 deesse
707 2599 870 2672 videatur
890 2629 899 2671 ε
919 2627 1034 2674 unum
1053 2619 1085 2674 ta
1100 2604 1173 2674 soi-

162 2711 256 2807 licet,
274 2713 375 2811 quod
387 2713 618 2810 intelligentia
631 2713 852 2811 suppleatur,
870 2714 907 2784 in
920 2714 1079 2811 epistulis
1091 2715 1174 2786 uut-

163 2825 268 2900 lianis
295 2826 341 2900 ad
370 2827 525 2900 Atticum
553 2842 589 2900 et
613 2827 742 2898 Axium
759 2825 1086 2921 frequentissimum
1102 2841 1168 2896 est.

163 2943 297 3012 Lucem
313 2965 397 3012 vero
415 2939 573 3038 epistolis
598 2939 807 3038 praefulgere
830 2952 993 3046 oportet,
1003 2938 1171 3012 nisicum

163 3053 331 3128 consulto
350 3053 501 3128 consilio
515 3053 742 3126 clandestina
759 3052 883 3127 littaroe
899 3052 999 3142 liant,
1019 3077 1098 3150 quoe
1121 3065 1173 3126 ta·

164 3190 248 3242 men
266 3166 315 3238 ita
327 3166 453 3240 ceteris
466 3165 613 3240 occultae
635 3190 711 3239 esse
731 3164 879 3254 debent,
895 3164 1000 3241 uthis
1013 3165 1058 3240 ad
1080 3189 1172 3262 quos

163 3279 356 3352 mittuntur
383 3279 485 3352 clarae
513 3279 779 3377 perspicuaeque
806 3279 889 3350 sint.
915 3279 1040 3366 solent
1065 3279 1173 3352 etiarn

163 3405 268 3464 notas
285 3390 379 3466 inter
395 3416 434 3464 se
453 3391 658 3466 secretiores
677 3391 826 3487 pacisci,
841 3390 941 3486 quud
956 3394 1121 3464 accuser
1138 3405 1174 3465 at

165 3507 342 3601 Augustus
350 3507 521 3580 etCicero
535 3503 638 3576 etalii
651 3502 813 3601 plerique
824 3503 995 3578 feceruut.
1006 3508 1173 3578 Ceterum

165 3643 251 3693 oum
262 3616 477 3694 abscondito
494 3617 584 3690 nihil
602 3643 694 3716 opus
711 3631 777 3708 est,
788 3616 954 3690 ,cavenda
973 3616 1172 3694 obscuritas

165 3731 279 3825 magis
294 3755 406 3828 quam
423 3733 462 3804 in
476 3732 640 3807 oratione
657 3746 719 3804 aut
732 3732 769 3806 iu
787 3729 1063 3810 sermocinando
1085 3757 1092 3800 :
1113 3755 1175 3828 po·

166 3859 219 3918 tes
231 3846 477 3944 enimpamm
492 3847 598 3946 plane
613 3845 823 3942 loquentem
841 3867 979 3940 rogare,
996 3859 1036 3919 ut
1049 3844 1087 3916 id
1100 3843 1175 3943 pla·

168 3957 375 4050 niusdicat,
392 3959 492 4057 quod
508 3960 545 4036 iu
562 3958 764 4034 absentium
785 3957 1035 4056 epistolisnon
1053 3958 1171 4032 datur.

209 4199 240 4262 1.
259 4198 295 4261 C.
311 4201 339 4262 l·
352 4197 520 4278 Vict.,·cap.
536 4217 638 4271 xxrrr,
654 4199 855 4274 mammae,
871 4217 901 4275 p·
921 4197 1068 4260 taeter.
