2880 5058
551 431 780 505 *153-

168 585 884 685 Quaescriptorumcollationeevenit,ut
892 580 1032 680 planius
1041 575 1169 650 intelli·

171 727 334 800 geremus
348 724 459 797 quare
476 699 613 787 Victor,
627 697 859 770 scholasticus
876 694 1025 766 omnino
1041 691 1167 781 homo,

168 812 530 912 nonSymmacbiana
547 811 606 883 illa
619 810 784 884 facilitate
801 809 966 881 inductus
979 809 1036 896 sit,
1053 829 1169 903 neque

170 927 362 1002 conciliare
370 930 523 1024 antiquat
532 923 844 1022 eloquentiaeleges
853 919 1172 992 cumnovaelacun-

166 1042 240 1114 diae
251 1040 394 1112 lascivia
404 1054 438 1111 et
448 1039 638 1137 pigmentis
651 1037 849 1108 tentaverit.
858 1033 1021 1106 Secunda
1029 1032 1174 1104 conclu-

161 1157 289 1244 -sione,
299 1153 920 1252 quaecprimaoriebatur,Victorem
928 1164 964 1220 et
975 1147 1171 1236 sententiis,

172 1283 208 1339 et
223 1266 558 1358 declamationibus,
584 1282 620 1338 et
639 1265 861 1364 panegyricis
878 1260 1094 1335 dictionibus
1110 1259 1176 1334 ad·

172 1397 352 1454 versatum
363 1405 570 1478 csse,quam
581 1379 788 1451 brevissime
797 1375 1172 1450 commemoravimus.

169 1490 291 1567 ‚Tertia
306 1503 425 1560 autem
442 1503 479 1559 et
494 1503 651 1559 extrema
668 1487 704 1556 id
723 1485 828 1557 nobis
843 1485 1118 1584 proposuimus,
1138 1495 1178 1554 ut

165 1602 282 1701 paulo
302 1601 438 1692 fusiori,
460 1625 570 1698 quam
585 1600 623 1672 in
640 1601 779 1672 duabus
804 1601 928 1700 primis
953 1595 1178 1695 generalibus

175 1713 483 1805 conclusionibus,
499 1740 620 1786 rerum
636 1715 871 1814 explicatione
888 1710 1176 1800 ostenderemus,

158 1847 160 1852 '
179 1852 341 1926 quonam
356 1842 464 1926 pacto
481 1832 520 1900 C.
542 1828 654 1900 lulius
674 1831 793 1900 Victor
809 1853 894 1900 cum
907 1825 1050 1898 Gallicis
1065 1848 1103 1894 ιν
1118 1849 1181 1896 sae-

181 1941 253 2012 culi
278 1940 482 2012 rhetoribus
500 1941 662 2033 collatus,
688 1958 751 2014 aut
774 1967 858 2014 cum
885 1942 926 2013 iis
952 1939 1180 2035 conspirave-

175 2054 236 2144 rit,
252 2069 315 2126 aut
335 2052 383 2124 ab
398 2054 532 2126 eisdem
549 2058 742 2129 recesserit.
763 2055 870 2145 Quod
887 2070 928 2127 ut
953 2050 1183 2124 manifestum

180 2165 304 2260 fieret,
334 2192 377 2240 ex
406 2168 555 2240 Sidonio
585 2169 778 2269 Apollinari
806 2186 841 2242 et
871 2171 947 2242 aliis
979 2167 1184 2242 auctoribus

180 2280 347 2354 duximus
366 2284 543 2380 quaedam,
563 2285 659 2356 unde
676 2287 862 2382 praecipuae
885 2286 1058 2357 virtutum
1075 2307 1116 2354 ac
1132 2281 1184 2352 vi·

171 2395 315 2468 tiorum
333 2397 370 2466 in
387 2396 570 2471 Gallicana
587 2399 765 2490 facundia,
780 2415 816 2472 et
827 2398 969 2471 Gallicis
982 2395 1185 2470 oratoribus

184 2531 227 2580 ac
237 2507 1065 2611 rhetoribusnobisapparueruntnotae.Quibus
1073 2531 1188 2608 pauca

187 2619 234 2692 de
250 2621 394 2694 illorum
409 2624 546 2717 studiis,
562 2625 736 2719 moribus,
751 2624 964 2724 quotidiano
976 2624 1118 2698 vivendi
1132 2647 1188 2718 ge·

186 2760 272 2808 nere
287 2737 325 2808 et
334 2739 543 2812 conditione
557 2740 826 2837 subjunximus;
846 2764 888 2811 ac
905 2738 1036 2810 deinde
1044 2739 1188 2810 Victore

187 2864 224 2921 et
239 2852 392 2923 Victoris
410 2851 503 2925 libro
526 2853 572 2925 ad
597 2853 726 2927 collata
748 2853 824 2926 haec
842 2855 967 2925 omnia
984 2853 1189 2924 testimonia

175 2963 353 3054 admoto,
376 2966 427 3036 sic
451 2967 591 3040 tertiam
617 2967 714 3040 illam
735 2966 937 3064 generalem
969 2979 1004 3038 et
1026 2965 1190 3037 nltimam

189 3075 459 3149 conclusionem
484 3079 716 3171 absolvimus,
744 3095 783 3151 ut
810 3079 915 3152 nobis
941 3104 1025 3151 cum
1049 3077 1192 3151 Gallicis

190 3215 227 3262 rv
259 3192 324 3260 aevi
361 3190 564 3265 rhetoribus
599 3179 822 3292 aliquatenus
853 3194 1057 3266 consentire
1095 3191 1193 3264 vide·

179 3318 288 3374 retur
304 3306 440 3396 Victor,
458 3307 541 3404 quia
557 3307 673 3405 ipsum
690 3308 866 3381 Gallicum
883 3307 1070 3378 hominem
1086 3305 1193 3377 fuisse

191 3419 382 3491 verisimile
410 3435 519 3510 esset,
549 3446 570 3493 a
602 3422 782 3521 plerisque
811 3446 897 3494 vero
931 3420 1079 3510 distare,
1114 3420 1198 3517 quia

192 3531 424 3606 scholasticus
441 3535 545 3608 unice
562 3535 687 3608 rhetor
703 3551 739 3608 et
754 3537 907 3634 antiquae
930 3533 1105 3606 facundiae
1122 3533 1197 3604 dic·

193 3645 373 3744 tionisque
389 3647 523 3744 rigidus
536 3663 687 3737 amator,
706 3663 741 3719 ct
756 3646 882 3720 sterilis
910 3645 1099 3744 aequalium
1113 3669 1201 3716 suu-

196 3787 277 3834 rum
295 3762 540 3860 obscurusque
564 3761 646 3833 ideo
667 3760 809 3850 doctor,
827 3759 967 3830 nullum
992 3783 1107 3858 prope
1128 3757 1202 3828 dis·

191 3874 334 3972 cipulis,
360 3877 429 3947 nisi
452 3877 647 3967 Ciceronis,
675 3899 783 3972 supra
810 3873 1049 3946 imitationem
1073 3895 1202 3944 eorum

195 3991 370 4087 positum,
389 3989 571 4089 exemplar
586 3990 843 4090 proposuisset.
