2880 5058
692 385 913 458 ..446-

298 543 402 608 culus
422 551 495 627 est,
510 536 670 624 notiores
690 560 767 608 esse
784 534 972 624 duximus,
991 557 1101 631 quam
1122 546 1162 604 ut
1184 531 1300 630 aliqua

297 647 343 720 de
361 651 402 722 iis
418 651 572 721 inserere
585 663 815 720 tentaremus.
829 647 916 720 lude
934 647 980 719 ad
997 647 1174 719 rationem
1188 662 1300 718 trans-

297 761 458 834 eundum
483 787 558 834 esse
587 761 886 851 existimavimus,
915 785 985 857 qua
1012 765 1239 855 Hermagorae
1267 775 1301 831 et

296 875 399 946 Tullii
415 890 450 947 et
467 874 564 946 Fabii
581 888 757 978 praecepta
775 875 897 946 Victor
913 871 1096 971 amplexus
1113 887 1183 962 est3
1198 871 1301 968 siqui·

297 995 381 1068 dern
399 996 444 1068 de
463 995 575 1068 tribus
592 995 667 1068 aliis
684 1019 793 1093 supra
816 996 955 1094 scriptis
979 993 1067 1065 nihil
1093 995 1181 1066 certi
1204 1017 1301 1064 com-
1426 1019 1427 1042 r

297 1125 438 1208 pertum
456 1124 521 1182 est.
543 1115 584 1181 At
598 1110 806 1207 priusquam
822 1109 894 1180 hoc
906 1133 997 1207 opus
1007 1107 1298 1204 aggrederemur,
1426 1121 1427 1212 ,

296 1222 387 1295 nihil
406 1223 511 1294 nohis
525 1223 645 1320 potius
664 1244 740 1292 esse
759 1221 874 1292 risum
893 1235 958 1308 est,
975 1245 1085 1317 quarn
1102 1222 1130 1291 si
1147 1220 1302 1317 primum
1426 1217 1427 1248 ³

296 1338 338 1406 C.
368 1335 449 1406 Julii
475 1335 630 1406 Vioaoris
660 1333 866 1405 Rhetoricae
886 1335 998 1406 totius
1022 1357 1119 1406 xxrn
1144 1334 1302 1432 capham

296 1449 417 1521 titulos
435 1473 477 1520 ex
502 1447 630 1519 ordine
657 1446 952 1522 describeremus.
985 1452 1067 1535 Quo
1102 1446 1300 1546 descripte,

296 1559 469 1632 universae
485 1575 614 1631 nostrae
633 1559 884 1661 disputationis
900 1584 1078 1634 summam
1095 1561 1131 1631 in
1150 1574 1303 1657 quatuor
1426 1607 1427 1618 κ

295 1671 491 1771 praecipuas
506 1685 623 1769 partes
636 1674 896 1768 separavimus,
916 1696 1069 1769 quarum
1086 1671 1201 1770 prima
1218 1675 1304 1741 ller-
1426 1647 1427 1718 l

296 1802 451 1877 magorae
472 1797 508 1853 et
531 1781 713 1854 Ciceronis
742 1798 777 1854 et
804 1782 1017 1870 Quintiliani
1037 1783 1305 1881 disciplinarum

295 1896 472 1966 rationem
489 1919 510 1966 a
525 1897 669 1967 Victore
686 1897 722 1966 in
746 1897 1002 1994 compendium
1029 1921 1135 1968 suum
1158 1894 1305 1967 transla·
1426 1911 1427 1976 1

296 2023 373 2080 tarn
391 2007 707 2105 complecteretur,
721 2007 878 2080 secunda
894 2009 1012 2108 ipsum
1029 2033 1094 2106 per
1105 2007 1304 2079 se'Victoris

297 2145 390 2220 opus
423 2121 657 2217 dijudicatum
692 2119 919 2210 ostenderet3
952 2122 1055 2194 tertia
1080 2119 1304 2218 peculiariter

297 2235 371 2307 duo
400 2239 584 2332 postrema
617 2233 776 2329 ejusdem
801 2235 847 2306 de
872 2235 1172 2306 sermocinatione
1198 2247 1234 2304 et
1261 2231 1304 2304 de

298 2348 456 2446 epistolis
484 2349 599 2445 capita
628 2345 820 2436 illustrata,
852 2361 887 2418 et
912 2362 986 2419 tres
1017 2345 1149 2418 deinde
1178 2369 1201 2417 a
1225 2359 1303 2418 toto

299 2485 408 2560 opere
425 2459 606 2558 generales
624 2459 873 2533 conclusiones
890 2461 1067 2559 prolectas
1083 2460 1300 2550 contineret;

299 2587 427 2670 quarta
442 2588 564 2645 autem
584 2589 623 2646 et·
633 2572 774 2661 ultima,
798 2573 844 2644 de
864 2598 935 2671 qua
958 2597 1057 2644 nunc
1081 2574 1209 2670 agitur,
1230 2572 1305 2644 uni·
1344 2631 1348 2640 .

297 2711 437 2757 versam
456 2686 618 2784 opusculi
635 2687 750 2758 nostri
766 2686 1054 2802 explanationem
1069 2687 1192 2785 paucis
1206 2709 1305 2758 revo·
1426 2783 1427 2786 Ἴ

298 2811 415 2870 catam
429 2798 615 2902 praeberet.

342 2912 505 2980 thimarn
529 2911 649 2982 statim
673 2910 819 3013 ingressi
838 2923 978 3010 partem
990 2965 999 3000 ,
1013 2911 1203 2983 Victorem
1218 2913 1306 2984 ller-

299 3045 469 3122 magoreo
484 3047 609 3113 more,
632 3047 673 3093 ex
695 3023 890 3095 Aristotelis
904 3039 940 3096 et
955 3025 1105 3096 rationis
1121 3039 1156 3095 et
1171 3049 1305 3096 recen·

298 3135 431 3206 tionum
444 3133 634 3204 rhetorum
652 3159 844 3227 consensu,
863 3137 1083 3210 rhetoricam
1109 3152 1223 3210 artem
1245 3138 1305 3210 de·

301 3246 456 3318 lirtivisse
473 3246 739 3320 affirmavimus.
760 3251 928 3322 Ceterum
945 3275 1021 3322 non
1037 3240 1180 3341 minus,
1197 3275 1306 3347 quam

301 3365 556 3458 Hennagoras,
579 3361 703 3466 aridus
722 3377 759 3434 et
776 3363 925 3460 jejunus
943 3363 988 3436 de
1005 3389 1194 3438 causarum
1211 3367 1305 3438 steti·

300 3472 386 3562 bus,
401 3473 629 3571 cumputius,
640 3499 747 3571 quarn
757 3475 912 3548 Tullium
922 3493 957 3549 et
967 3475 1114 3550 Fabium
1125 3533 1134 3569 ,
1144 3481 1184 3550 C.
1194 3479 1305 3550 lulius

304 3588 443 3675 Victor,
465 3583 694 3678 ut'diaimus,
716 3604 935 3681 secutores,
953 3591 1053 3689 quod
1067 3595 1304 3689 Hermagorea

302 3697 488 3798 disciplina
507 3699 557 3770 de
580 3723 770 3774 causarum
797 3703 1133 3796 constitutionibus,
1162 3731 1241 3778 non
1262 3704 1304 3777 ab

301 3813 381 3911 ipso
407 3814 581 3886 Cicerone
608 3829 647 3886 et
674 3815 797 3888 Fabio
818 3833 959 3917 spreta,
995 3820 1130 3892 Victori
1156 3821 1304 3892 'forsitan

302 3925 505 4024 aptiorrisa
523 3928 567 3997 sit
584 3925 629 4008 ad
646 3927 801 4023 agendas
817 3931 1030 4026 quotidiana
1047 3931 1304 4005 consuetudine

302 4063 444 4127 causas,
468 4063 577 4136 qnam
601 4039 765 4112 doctrina
788 4041 834 4113 de
858 4043 991 4116 eadem·
1008 4071 1047 4118 re
1064 4047 1249 4118 Ciceronis
1271 4059 1305 4118 et

243 4195 247 4204 ·
302 4151 515 4240 Quintiliani
537 4151 719 4224 excelsior.
738 4153 813 4224 Cur
835 4171 957 4230 autem
982 4157 1106 4232 Victor
1124 4157 1305 4255 generales
