2866 5056
680 385 875 460 -60-

400 673 423 757 3
436 677 467 741 2.
481 677 526 735 De
539 671 713 754 quibusdam
728 673 852 736 rhetoris
865 676 957 737 nostri
970 677 1152 743 utilitatibus.

322 870 384 942 Sin
400 883 537 962 autem,
559 869 720 942 inferiori
733 867 794 943 illa
807 871 962 943 Victoris
977 885 1079 972 parte
1093 874 1225 949 omissa
1240 901 1282 952 ac

273 983 456 1086 praeteritis
486 1006 682 1084 parumper
710 983 785 1082 ejus
814 983 908 1056 vitiis
937 982 984 1056 de
1012 986 1143 1085 quibus
1165 1013 1283 1089 nuper

272 1097 415 1173 locutus
432 1121 526 1190 sum,
543 1097 660 1197 ipsum
672 1121 737 1197 per
753 1121 791 1169 se
804 1099 1022 1196 perspexeris
1040 1114 1075 1172 et
1093 1100 1282 1199 paululum

275 1227 308 1286 te
321 1212 367 1286 ad
380 1213 526 1286 virtutes
538 1210 713 1310 quasdam
723 1209 884 1306 retuleris
899 1234 987 1308 quas
1000 1237 1106 1312 supra
1116 1216 1279 1312 exposui,

272 1349 348 1400 non
372 1325 534 1425 prolecto
558 1326 676 1397 omnis
701 1348 779 1396 esse
799 1322 958 1396 utilitatis
984 1349 1109 1422 expers
1128 1326 1283 1401 rhetori·

273 1463 357 1512 oum
369 1438 442 1511 hoc
456 1429 548 1538 opus
562 1437 754 1514 videbitur.
767 1441 932 1535 Namque
944 1439 1283 1537 praeterlibertatem

274 1549 469 1652 quamdam
496 1549 640 1648 judicii,
670 1575 779 1648 quarn
810 1549 856 1622 ab
884 1550 946 1624 illo
971 1551 1154 1626 interdum
1175 1555 1283 1628 etiam

274 1687 357 1762 erga
374 1664 585 1736 Ciceronem
612 1677 646 1736 et
669 1663 931 1751 Quintilianum
948 1668 1102 1740 exerceri
1119 1667 1282 1741 animad-

273 1775 464 1862 vertimus3
484 1789 612 1875 praeter
626 1774 724 1848 illam
739 1778 997 1850 convenientiae
1013 1793 1049 1850 et
1067 1778 1192 1852 decori
1216 1780 1281 1853 ob·

274 1888 509 1983 servantiam,
540 1912 651 1986 quam
671 1888 801 1962 iterum
819 1890 1021 1989 iterumque
1042 1892 1078 1962 in
1104 1907 1281 1991 perpetuo

275 2001 448 2076 orationis
473 2025 579 2076 cursu
603 2000 797 2074 tenendam
829 2027 905 2075 esse
932 2003 1127 2096 admonet3
1156 2021 1283 2104 praeter

276 2136 356 2187 eam
378 2114 597 2214 antiquitatis
619 2114 895 2188 admirationem
916 2115 975 2218 (eo
1000 2116 1149 2190 tortasse
1172 2118 1282 2217 paulo

275 2251 385 2326 quam
410 2226 530 2300 decuit
560 2227 788 2320 severiorem,
818 2227 919 2325 quod
946 2230 1138 2330 scriptores
1158 2253 1283 2304 omnes

275 2337 498 2426 Quintiliano
516 2340 732 2412 recentiores
750 2339 939 2414 excludere
951 2342 1108 2441 videtur)
1123 2368 1203 2441 quae
1227 2345 1282 2416 iu·

275 2447 384 2546 signis
406 2461 459 2524 es't
483 2451 519 2523 in
541 2476 577 2523 tv
605 2454 723 2526 saeculi
750 2454 920 2556 homine,
941 2468 976 2528 et
997 2481 1075 2554 quae
1096 2457 1214 2529 effecit
1243 2472 1282 2530 ut

274 2561 381 2636 nobis
415 2564 548 2637 inedita
593 2566 757 2665 quaedam
792 2583 873 2640 ante
910 2571 1043 2642 lllaium
1082 2569 1280 2668 fragmenta

280 2677 400 2770 Ennii,
421 2677 587 2771 Gracchi,
605 2681 764 2772 Catonis,
780 2679 1084 2773 Fabii,Ciceronis
1101 2709 1284 2758 servaren-

278 2799 349 2886 tur,
367 2789 534 2864 nonnihil
552 2817 698 2892 quoque
717 2794 890 2888 utilitatis,
912 2809 952 2868 ut
968 2794 1134 2894 equidem
1152 2799 1280 2889 sentio,

279 2901 433 2976 afferunt
446 2905 554 2978 etiam
572 2906 657 2979 vitia
675 2906 806 3004 quibus
821 2908 1002 2981 Victorem
1015 2906 1178 2981 laborare
1194 2909 1281 2981 dixi.

279 3018 443 3103 Quorum
461 3017 578 3116 aliqua
593 3043 668 3092 esse
683 3018 869 3094 observavi
884 3037 917 3095 et
929 3017 1284 3120 barbarorumvoca-

277 3125 448 3202 bulorum
472 3130 566 3204 inter
585 3133 818 3204 Ciceroniana
836 3147 871 3205 et
891 3133 1048 3207 Fabiana
1072 3132 1151 3208 loca
1171 3133 1283 3206 collu-

278 3239 387 3332 viem,
407 3256 442 3314 et
453 3246 660 3317 Graecorum
679 3245 841 3345 ipsorum
858 3247 1073 3346 scriptorum
1087 3247 1283 3346 quamdam

279 3351 542 3452 negligentiam,
561 3373 596 3429 et
614 3358 776 3432 ethnicos
788 3382 933 3456 'errores
953 3375 1031 3431 tum
1048 3358 1093 3430 de
1118 3357 1284 3430 inimico-

279 3491 359 3539 rum
377 3469 476 3561 odio‚
495 3485 571 3542 tum
588 3471 632 3544 de
647 3473 812 3546 mendaci
826 3496 995 3545 concessa
1011 3471 1056 3543 ab
1074 3495 1117 3544 eo
1130 3471 1284 3543 causidi-

279 3579 329 3651 cis
343 3581 546 3676 calliditate,
561 3584 693 3683 passim
705 3586 742 3656 in
757 3609 867 3684 opere
877 3599 1063 3678 scatentes,
1080 3600 1115 3656 et
1127 3582 1285 3683 denique

280 3694 400 3765 nescio
417 3696 505 3793 quid
518 3695 713 3770 obscurum
732 3713 766 3772 et
780 3699 964 3773 oltristiani
982 3697 1141 3772 doctoris
1157 3712 1285 3769 aucto·

280 3803 381 3876 ritate
395 3806 521 3880 endem
541 3808 741 3908 profitentis
756 3810 915 3903 inferius,
941 3811 1050 3884 etiam
1074 3833 1185 3910 quum
1208 3808 1284 3882 elo·

281 3919 405 4016 quenti
431 3921 606 3994 sentiendi
628 3922 880 4022 scribendique
902 3924 1081 3997 celeritate
1103 3935 1226 3995 noster
1241 3945 1284 3995 ea

281 4031 467 4129 recolligit,
487 4059 565 4131 quae
581 4034 628 4105 ad
648 4037 798 4108 oratoris
821 4038 1066 4110 inventionem
1094 4036 1281 4108 attineant.

283 4147 370 4236 Quae
378 4144 526 4245 quidem
536 4148 671 4239 omnia,
688 4173 752 4222 seu
768 4147 915 4226 virtutes
928 4175 991 4226 seu
1004 4149 1102 4245 vitia,
1119 4172 1194 4223 non
1206 4147 1283 4248 ple·
