2866 5056
630 397 681 418 ...
706 357 753 434 20
778 399 829 418 .-

226 509 408 589 Ciceronis
445 507 562 606 ipsiua'
602 520 636 578 et
675 507 886 594 Quintiliani
923 509 1039 584 sontes
1071 524 1231 586 hansea-

226 647 321 698 mus.
974 623 977 632 ’
1175 641 1179 646 ·

275 734 487 828 Priusquam
514 745 637 804 ,autem
664 755 801 804 novum
822 730 913 804 illud
934 734 1092 806 materie
1117 759 1232 830 genna

228 872 273 926 ea
293 846 421 920 ordine
441 868 716 944 persequamur,
737 844 914 945 paneade
933 845 993 918 illa
1010 847 1148 946 praelari
1167 873 1245 922 ne·-

228 983 327 1054 cesse
343 973 406 1032 est.
427 962 507 1032 Non
525 957 574 1032 ibi
587 957 759 1030 doetrinae
776 971 916 1032 tuntum
934 975 1113 1058 praeoepta
1136 984 1233 1058 qoae·

228 1073 453 1173 dampassim
463 1097 483 1146 e
493 1071 673 1145 veteribus
691 1071 909 1163 rhetoribus,
926 1087 965 1144 ut
975 1077 1232 1170 Hermagorei,

228 1186 388 1261 eruenda
402 1184 640 1273 inveniemus,
650 1183 714 1256 sed
723 1185 1009 1281 praestamissirna
1024 1184 1102 1283 ipsa
1116 1183 1236 1257 claris·

228 1301 404 1386 simorum
417 1299 510 1371 inter
525 1296 687 1369 rhetores
698 1298 843 1368 Latinos
861 1297 1088 1394 ingeniorum
1104 1299 1246 1396 scripta·

229 1413 268 1488 in
285 1424 457 1510 promptu
467 1424 587 1482 erunt.
607 1413 694 1497 Quae
711 1433 786 1506 quo
798 1407 902 1507 plura
918 1424 954 1481 et
965 1409 1133 1482 uberiora
1149 1417 1235 1510 sup·

229 1522 506 1622 peditantur,eo
522 1520 628 1594 nobis
644 1521 807 1619 parciore
824 1520 1007 1616 diligentia
1023 1545 1106 1594 cum
1114 1521 1236 1596 vicao-

230 1637 279 1711 ris
307 1659 417 1734 opere
450 1634 692 1708 conferentur.
722 1639 845 1731 ltaque
872 1635 966 1709 inter
998 1658 1040 1708 ea
1073 1633 1238 1730 selegisse

231 1751 393 1826 contenti
405 1773 484 1847 quae
498 1749 703 1820 summatim
725 1749 1035 1845 comparationem
1057 1747 1154 1818 illam
1175 1771 1237 1820 ex·

234 1863 409 1962 primant,
428 1860 605 1934 nullaaliu
622 1887 665 1936 ex
684 1861 787 1934 Tullii
802 1876 837 1934 et
850 1860 948 1934 Fabii
960 1860 1125 1934 oratoriis
1138 1859 1239 1934 libris

233 1974 492 2074 decerpemus,
518 1976 587 2046 nisi
612 1999 692 2073 quae
721 1999 802 2046 eum
831 1973 1060 2072 dijudicanda
1084 1973 1240 2047 Victoris

233 2088 423 2164 Rhetorica
433 2091 516 2162 Arte
525 2113 671 2187 prorsus
680 2102 893 2186 congruant.
910 2092 988 2162 Non
998 2087 1241 2162 omniaetiam

232 2201 314 2276 loca
331 2202 536 2276 minutatim
558 2202 763 2276 notabimus
783 2226 863 2299 quae
882 2201 1073 2300 sepissime
1093 2201 1140 2276 ad
1161 2225 1241 2274 ver-

232 2313 320 2386 bum
339 2312 519 2384 transtulit
532 2338 573 2386 ac
592 2314 660 2385 sibi
679 2315 813 2388 iuratus
825 2327 877 2388 est
892 2315 1029 2402 Victor,
1043 2313 1107 2386 sed
1118 2311 1249 2414 praeci·

233 2450 307 2526 pua
329 2440 468 2504 tantum
491 2425 865 2502 animadversionibus
888 2426 1061 2502 illustrare
1087 2425 1242 2500 tentabi-

235 2562 336 2630 mus,
368 2552 406 2610 ut
431 2537 516 2611 inde
533 2537 635 2612 facile
655 2539 701 2611 de
724 2540 870 2631 ceteris,
889 2565 969 2638 quae
987 2563 1008 2614 a
1025 2537 1131 2614 nobis
1149 2538 1242 2614 forte

234 2651 411 2750 praeterita
432 2650 563 2724 fuerint
573 2703 586 2740 ‚,
601 2651 754 2749 judicari
771 2652 895 2752 possit.

285 2762 459 2862 Pleraque
480 2789 607 2837 eorum
633 2765 830 2865 dequibus
858 2765 917 2838 ille
942 2778 1024 2862 post
1052 2787 1242 2840 carnarum

236 2883 347 2950 statua
360 2887 396 2944 et
411 2898 623 2952 communes
634 2889 929 2972 argumentorum
942 2872 1042 2944 locos
1055 2873 1241 2968 tractavit,

235 2984 411 3083 perducta
427 3010 542 3084 prope
563 2986 741 3084 usquead
761 2987 879 3084 ipsum
903 2985 1109 3084 compendii
1133 2986 1243 3061 totius

237 3095 362 3190 finem,
375 3100 530 3198 exceptis
542 3099 684 3172 dnobus
695 3099 826 3174 ultimis
836 3099 882 3172 de
893 3100 1244 3174 sermocinationem:

237 3208 284 3285 de
301 3210 459 3309 epistolis
476 3212 664 3311 capitibus,
679 3213 750 3286 hoc
765 3229 835 3305 est,
854 3227 1115 3312 praeceptorum
1129 3227 1252 3288 extre·

237 3347 296 3400 ma
305 3347 388 3423 pars
401 3325 531 3423 quibus
550 3326 709 3400 inventio
726 3328 944 3419 continetur,
961 3351 1003 3400 ac
1020 3323 1151 3398 deinde
1164 3349 1244 3422 quae

237 3434 283 3515 ad
300 3437 592 3536 dispositionem,
612 3439 659 3513 ad
683 3440 936 3531 elocutionem,
959 3438 1006 3512 ad
1031 3440 1243 3512 memoriam

238 3545 284 3618 ad
300 3550 634 3646 pronuntiationem
655 3577 698 3624 ae
716 3551 870 3650 denique
888 3551 933 3622 ad
953 3550 1244 3624 exercitationem

238 3675 413 3758 spectant,
423 3688 522 3736 nunc
532 3689 552 3736 e
564 3665 751 3756 Cicerone,
765 3689 862 3736 nnnc
874 3689 893 3736 e
904 3663 1125 3752 Quintiliano
1136 3663 1244 3738 ducta

239 3785 335 3858 sunt.
359 3775 502 3868 Cetera,
527 3799 606 3874 quae
631 3777 668 3848 in
686 3776 754 3849 bac
776 3776 928 3850 rhetoris
948 3775 1060 3848 nostri
1078 3790 1180 3874 parte
1199 3799 1252 3862 en

238 3884 309 3960 alio
320 3886 419 3962 fonte
434 3902 518 3965 sunt
531 3888 703 3983 derivata,
718 3889 842 3963 deberi
858 3887 1048 3964 verisimile
1065 3903 1119 3963 est
1132 3889 1245 3965 cuivis

238 3999 300 4072 alii
316 3999 502 4075 rhetorum
528 4027 654 4076 eorum
677 4002 723 4076 de
748 4001 878 4101 quibus
897 4027 1005 4102 supra
1021 4003 1245 4076 mentionem

177 4181 180 4188 .
239 4115 404 4211 lecimus;
419 4119 483 4192 sed
500 4120 692 4218 quoniam,
711 4134 751 4194 ut
765 4118 902 4210 dietum
918 4134 982 4214 est,
1002 4145 1077 4200 non
1091 4119 1245 4196 aliorum

1412 453 1417 537 ¹
