2866 5056
569 403 770 478 ..25-

164 545 463 643 detur,hominis
476 602 485 642 ,
498 563 537 621 et
554 549 666 646 ignoti
684 551 808 647 utique
825 549 978 622 rhetoris
995 551 1053 622 vix
1071 566 1169 626 certa

163 681 284 755 aetate,
313 690 384 763 qua
408 662 613 760 eloquentia
630 662 666 732 in
686 663 922 735 arctissimum
944 679 1019 737 erat
1040 689 1169 762 gyrum

164 779 370 878 compulsa,
391 774 608 874 jamdudum
630 799 650 846 a
669 775 869 848 forensibus
890 779 1026 876 magnis
1051 779 1169 852 causis

164 906 200 965 et
219 891 264 964 ab
282 892 325 963 iis
341 891 447 961 etiam
467 885 721 960 certaminibus
738 902 899 977 remota,
918 916 995 987 quae
1014 891 1115 963 Plinii
1132 903 1169 965 et

162 1005 271 1077 Taciti
305 1019 469 1102 tempore
495 1000 677 1072 interdum
703 1001 739 1071 in
763 1015 887 1072 senatu
915 1003 1165 1099 agitabantnr¹‚

163 1118 244 1215 quis
267 1117 370 1189 locus
389 1139 473 1186 vere
494 1112 637 1186 excelsae
663 1129 738 1184 erat
765 1113 979 1210 eloquentiae
1003 1115 1168 1188 relictus?

164 1237 193 1305 E
209 1255 282 1330 qua
299 1255 412 1325 quum
430 1227 535 1317 nihil,
556 1242 595 1298 ut
614 1227 803 1298 verisimile
820 1243 890 1315 est,
910 1254 1025 1327 prope
1042 1255 1170 1328 super·

163 1345 274 1434 esset,
307 1344 444 1438 anjam
475 1356 659 1412 oratorum
684 1339 912 1411 ethnicorum
943 1341 1060 1416 saeculi
1087 1357 1172 1440 post

164 1455 345 1528 Christum
374 1476 411 1522 tv
441 1451 540 1521 nulla
570 1465 661 1521 esset
694 1452 915 1543 exercitatio,
945 1453 1013 1523 nisi
1044 1467 1081 1524 ut
1107 1477 1173 1524 seu

163 1567 319 1640 humiles
346 1580 383 1637 et
407 1563 607 1665 quotidiani
631 1564 769 1658 generis
795 1587 918 1636 causas
945 1566 1042 1665 apud
1059 1565 1171 1664 peda·

164 1704 252 1752 neos
277 1678 416 1774 judices
444 1691 605 1773 agerent,
629 1701 693 1748 seu
716 1678 937 1774 panegyricis
955 1677 1172 1776 quibusdam

166 1791 383 1865 dictionibus
409 1815 501 1862 vana
529 1790 662 1886 ingenii
683 1789 851 1886 figmenta
870 1804 906 1861 et
922 1791 1063 1862 irritum
1087 1815 1173 1862 acu-

165 1931 250 1978 men
268 1904 480 2002 adjicerent,
500 1903 587 2000 quid
604 1903 737 1973 mirum
755 1904 806 1994 si,
826 1903 982 1976 oratoria
1007 1893 1173 1976 facultate

166 2019 261 2092 adid
272 2016 484 2088 humilitatis
499 2016 681 2116 depressa,
702 2015 823 2107 lrumi,
834 2009 880 2087 ¹ut
894 2018 941 2088 ita
957 2017 1097 2106 dicam,
1118 2039 1173 2088 ra·

165 2140 258 2213 bulae
283 2155 346 2212 aut
370 2139 538 2238 sophistae
564 2139 792 2238 adreptarent
806 2154 841 2210 et
856 2163 984 2236 parum
1001 2139 1037 2208 in
1056 2161 1101 2207 eo
1117 2161 1172 2208 es·

166 2268 258 2344 seut,
281 2269 319 2324 ut
334 2252 548 2351 eloquentiae
566 2251 775 2347 dignitatem
793 2266 827 2322 et
845 2252 998 2349 spatium
1016 2275 1081 2349 per
1094 2249 1174 2331 iufi-

166 2364 258 2439 nitas
272 2367 483 2464 quaestiones
498 2365 781 2465 amplificarent?

216 2485 443 2578 Hermagorae
456 2479 760 2576 igiturgenerales
777 2478 894 2550 theses
911 2477 1074 2575 quamvis
1096 2502 1172 2549 non

168 2595 319 2666 omnino
344 2593 537 2691 neglexerit
564 2593 687 2664 Victor
705 2591 819 2689 (quod
843 2591 989 2689 quidem
1016 2589 1093 2662 lteri
1113 2615 1175 2661 ne·

168 2708 312 2805 quibat,
343 2732 427 2780 nam
455 2708 497 2780 iis
521 2707 621 2778 omni
639 2732 679 2778 ex
698 2720 800 2804 parte
819 2720 941 2775 orator
960 2729 1080 2775 carere
1099 2727 1174 2775 non

167 2827 318 2919 potest),
336 2821 672 2918 intelligiturtamen
687 2843 752 2890 cur
765 2843 824 2889 eas
838 2830 959 2888 noster
975 2840 1049 2886 non
1064 2817 1175 2886 animi

168 2934 294 3010 tudem
323 2934 523 3006 intentione
545 2948 582 3006 et
606 2957 712 3020 cura,
744 2955 814 3028 qna
840 2929 977 3025 antiqui
1013 2926 1175 2998 rhetores

167 3071 210 3119 ac
227 3047 422 3146 praesertim
440 3047 579 3137 Cicero,
598 3041 919 3117 commendaverit.

147 3223 149 3226 .
203 3165 297 3230 *Non
315 3158 457 3255 longius
475 3159 512 3229 in
537 3159 579 3229 iis
602 3156 877 3229 immorabimur
894 3179 974 3253 quae
990 3143 1114 3224 Victor
1129 3151 1176 3224 ab

167 3278 387 3370 Hermagora
405 3272 523 3360 duxit,
543 3297 618 3342 non
645 3272 746 3369 quod
762 3295 838 3342 non
857 3292 1062 3368 possemus,
1087 3265 1116 3336 si
1139 3263 1178 3336 li·

168 3386 288 3476 beret,
304 3411 369 3484 per
388 3382 547 3480 singulas
573 3397 833 3482 praeceptorum
857 3378 1177 3479 exemplorumque

168 3501 349 3574 formaset
361 3499 897 3598 speciesevagari,quaeGraecus
909 3490 1176 3564 rhetorGallico

168 3614 305 3686 rhetori
323 3613 486 3712 praebuit.
518 3611 589 3683 Sed
611 3636 725 3708 quum
748 3610 873 3682 eadem
891 3608 927 3677 in
946 3606 990 3676 iis
1007 3603 1177 3675 omnibus

169 3727 242 3800 lere
267 3741 470 3800 occurreret
493 3727 698 3816 conclusio,
717 3725 772 3796 his
797 3721 957 3795 contenti
975 3717 1054 3817 qnae
1070 3741 1178 3814 gene-

170 3842 273 3946 ratim
293 3841 339 3913 de
359 3845 587 3940 Hermagorae
606 3840 769 3912 doctrina
794 3839 829 3934 in
848 3833 1001 3907 Victoris
1017 3831 1177 3928 Rhetori-

155 3979 250 4041 cam
260 3955 429 4029 translata
443 3955 612 4045 diximus,
626 3952 712 4025 hinc
729 3951 893 4052 protinus
910 3943 956 4018 ad
974 3941 1184 4017 uberrimos

186 4193 238 4249 ·l.
260 4189 336 4253 Plin.
351 4193 434 4262 Jun,
450 4190 495 4261 tt,
512 4189 561 4250 ll.
