<?xml version="1.0" encoding="UTF-8"?>
<!DOCTYPE html PUBLIC "-//W3C//DTD XHTML 1.0 Transitional//EN"
    "http://www.w3.org/TR/xhtml1/DTD/xhtml1-transitional.dtd">
<html xmlns="http://www.w3.org/1999/xhtml" xml:lang="en" lang="en">
 <head>
  <title>
</title>
<meta http-equiv="Content-Type" content="text/html;charset=utf-8" />
  <meta name='ocr-system' content='tesseract 3.04.00' />
  <meta name='ocr-capabilities' content='ocr_page ocr_carea ocr_par ocr_line ocrx_word'/>
</head>
<body>
  <div class='ocr_page' id='page_1' title='image "./decaiijuliivict00victgoog_0114.png"; bbox 0 0 2880 5058; ppageno 0'>
   <div class='ocr_carea' id='block_1_1' title="bbox 529 313 771 382">
    <p class='ocr_par' dir='ltr' id='par_1_1' title="bbox 529 313 771 382">
     <span class='ocr_line' id='line_1_1' title="bbox 529 313 771 382; baseline -0.008 0"><span class='ocrx_word' id='word_1_1' title='bbox 529 313 771 382; x_wconf 69' lang='grc' dir='ltr'><strong>Ι--401--</strong></span> 
     </span>
    </p>
   </div>
   <div class='ocr_carea' id='block_1_2' title="bbox 74 455 1266 3830">
    <p class='ocr_par' dir='ltr' id='par_1_2' title="bbox 74 455 1266 3830">
     <span class='ocr_line' id='line_1_2' title="bbox 157 455 1166 555; baseline 0.012 -29"><span class='ocrx_word' id='word_1_2' title='bbox 157 455 263 527; x_wconf 91' lang='lat' dir='ltr'><strong>datur</strong></span> <span class='ocrx_word' id='word_1_3' title='bbox 285 471 320 527; x_wconf 91' lang='lat' dir='ltr'><strong>ct</strong></span> <span class='ocrx_word' id='word_1_4' title='bbox 343 457 466 554; x_wconf 82' lang='lat' dir='ltr'><strong>paucis</strong></span> <span class='ocrx_word' id='word_1_5' title='bbox 485 481 655 555; x_wconf 85' lang='lat' dir='ltr'><strong>quaerere,</strong></span> <span class='ocrx_word' id='word_1_6' title='bbox 677 484 741 529; x_wconf 88' lang='lat' dir='ltr'><strong>cur</strong></span> <span class='ocrx_word' id='word_1_7' title='bbox 757 460 981 554; x_wconf 76' lang='lat' dir='ltr'><strong>Ciceronem,</strong></span> <span class='ocrx_word' id='word_1_8' title='bbox 1002 479 1038 536; x_wconf 92' lang='lat' dir='ltr'><strong>ut</strong></span> <span class='ocrx_word' id='word_1_9' title='bbox 1060 480 1166 539; x_wconf 88' lang='lat' dir='ltr'><strong>antea</strong></span> 
     </span>
     <span class='ocr_line' id='line_1_3' title="bbox 157 565 1166 675; baseline 0.013 -37"><span class='ocrx_word' id='word_1_10' title='bbox 157 565 325 660; x_wconf 82' lang='lat' dir='ltr'>diximus,</span> <span class='ocrx_word' id='word_1_11' title='bbox 341 569 489 640; x_wconf 91' lang='lat' dir='ltr'><strong>unicum</strong></span> <span class='ocrx_word' id='word_1_12' title='bbox 505 568 702 642; x_wconf 74' lang='lat' dir='ltr'>scribendae</span> <span class='ocrx_word' id='word_1_13' title='bbox 718 573 876 670; x_wconf 86' lang='lat' dir='ltr'><strong>epistolae</strong></span> <span class='ocrx_word' id='word_1_14' title='bbox 891 577 1073 675; x_wconf 86' lang='lat' dir='ltr'><strong>exemplar</strong></span> <span class='ocrx_word' id='word_1_15' title='bbox 1085 580 1166 651; x_wconf 91' lang='lat' dir='ltr'><strong>Vic-</strong></span> 
     </span>
     <span class='ocr_line' id='line_1_4' title="bbox 158 682 1166 784; baseline 0.012 -33"><span class='ocrx_word' id='word_1_16' title='bbox 158 696 215 752; x_wconf 89' lang='lat' dir='ltr'><strong>tor</strong></span> <span class='ocrx_word' id='word_1_17' title='bbox 232 707 308 752; x_wconf 88' lang='lat' dir='ltr'><strong>csse</strong></span> <span class='ocrx_word' id='word_1_18' title='bbox 328 682 501 752; x_wconf 89' lang='lat' dir='ltr'><strong>statuerit.</strong></span> <span class='ocrx_word' id='word_1_19' title='bbox 519 683 583 753; x_wconf 93' lang='lat' dir='ltr'><strong>Cui</strong></span> <span class='ocrx_word' id='word_1_20' title='bbox 602 685 788 780; x_wconf 87' lang='lat' dir='ltr'><strong>quaestioni</strong></span> <span class='ocrx_word' id='word_1_21' title='bbox 811 686 968 784; x_wconf 88' lang='lat' dir='ltr'><strong>primum</strong></span> <span class='ocrx_word' id='word_1_22' title='bbox 984 688 1056 781; x_wconf 88' lang='lat' dir='ltr'><strong>hic,</strong></span> <span class='ocrx_word' id='word_1_23' title='bbox 1075 693 1166 764; x_wconf 88' lang='lat' dir='ltr'><strong>sicut</strong></span> 
     </span>
     <span class='ocr_line' id='line_1_5' title="bbox 158 796 1168 903; baseline 0.013 -37"><span class='ocrx_word' id='word_1_24' title='bbox 158 797 245 868; x_wconf 86' lang='lat' dir='ltr'><strong>alias</strong></span> <span class='ocrx_word' id='word_1_25' title='bbox 262 821 329 866; x_wconf 85' lang='lat' dir='ltr'><strong>nec</strong></span> <span class='ocrx_word' id='word_1_26' title='bbox 342 796 418 892; x_wconf 89' lang='lat' dir='ltr'><strong>jam</strong></span> <span class='ocrx_word' id='word_1_27' title='bbox 434 798 572 868; x_wconf 87' lang='lat' dir='ltr'><strong>semela</strong></span> <span class='ocrx_word' id='word_1_28' title='bbox 586 797 691 868; x_wconf 92' lang='lat' dir='ltr'><strong>nobis</strong></span> <span class='ocrx_word' id='word_1_29' title='bbox 708 799 838 872; x_wconf 87' lang='lat' dir='ltr'><strong>factum</strong></span> <span class='ocrx_word' id='word_1_30' title='bbox 850 817 902 872; x_wconf 87' lang='lat' dir='ltr'><strong>est</strong></span> <span class='ocrx_word' id='word_1_31' title='bbox 912 806 934 891; x_wconf 89' lang='lat'><strong>¹,</strong></span> <span class='ocrx_word' id='word_1_32' title='bbox 950 805 1168 903; x_wconf 87' lang='lat' dir='ltr'><strong>respondea-</strong></span> 
     </span>
     <span class='ocr_line' id='line_1_6' title="bbox 158 908 1168 1013; baseline 0.01 -34"><span class='ocrx_word' id='word_1_33' title='bbox 158 924 218 980; x_wconf 91' lang='lat' dir='ltr'><strong>tur</strong></span> <span class='ocrx_word' id='word_1_34' title='bbox 231 908 299 980; x_wconf 89' lang='lat' dir='ltr'>sibi</span> <span class='ocrx_word' id='word_1_35' title='bbox 311 923 476 980; x_wconf 81' lang='lat' dir='ltr'><strong>constare</strong></span> <span class='ocrx_word' id='word_1_36' title='bbox 489 911 684 1001; x_wconf 84' lang='lat' dir='ltr'><strong>Victorem,</strong></span> <span class='ocrx_word' id='word_1_37' title='bbox 699 925 840 983; x_wconf 88' lang='lat' dir='ltr'><strong>tantum</strong></span> <span class='ocrx_word' id='word_1_38' title='bbox 854 915 1085 1013; x_wconf 88' lang='lat' dir='ltr'><strong>antiquorum</strong></span> <span class='ocrx_word' id='word_1_39' title='bbox 1103 918 1168 989; x_wconf 90' lang='lat' dir='ltr'><strong>ad·</strong></span> 
     </span>
     <span class='ocr_line' id='line_1_7' title="bbox 159 1021 1168 1118; baseline 0.011 -27"><span class='ocrx_word' id='word_1_40' title='bbox 159 1021 381 1110; x_wconf 87' lang='lat' dir='ltr'><strong>miratorem,</strong></span> <span class='ocrx_word' id='word_1_41' title='bbox 395 1036 434 1092; x_wconf 92' lang='lat' dir='ltr'><strong>ut</strong></span> <span class='ocrx_word' id='word_1_42' title='bbox 449 1046 627 1118; x_wconf 91' lang='lat' dir='ltr'><strong>nusquam</strong></span> <span class='ocrx_word' id='word_1_43' title='bbox 639 1023 685 1094; x_wconf 88' lang='lat' dir='ltr'><strong>ab</strong></span> <span class='ocrx_word' id='word_1_44' title='bbox 699 1050 742 1096; x_wconf 92' lang='lat' dir='ltr'><strong>eo</strong></span> <span class='ocrx_word' id='word_1_45' title='bbox 760 1028 936 1098; x_wconf 89' lang='lat' dir='ltr'><strong>recentior</strong></span> <span class='ocrx_word' id='word_1_46' title='bbox 945 1030 1168 1117; x_wconf 86' lang='lat' dir='ltr'><strong>Quintiliano</strong></span> 
     </span>
     <span class='ocr_line' id='line_1_8' title="bbox 158 1128 1169 1240; baseline 0.009 -34"><span class='ocrx_word' id='word_1_47' title='bbox 158 1135 313 1233; x_wconf 85' lang='lat' dir='ltr'><strong>scriptor</strong></span> <span class='ocrx_word' id='word_1_48' title='bbox 328 1135 535 1206; x_wconf 90' lang='lat' dir='ltr'><strong>nominatus</strong></span> <span class='ocrx_word' id='word_1_49' title='bbox 551 1137 608 1207; x_wconf 91' lang='lat' dir='ltr'><strong>sit.</strong></span> <span class='ocrx_word' id='word_1_50' title='bbox 627 1141 721 1209; x_wconf 90' lang='lat' dir='ltr'><strong>Bene</strong></span> <span class='ocrx_word' id='word_1_51' title='bbox 736 1128 858 1230; x_wconf 86' lang='lat' dir='ltr'><strong>habet,</strong></span> <span class='ocrx_word' id='word_1_52' title='bbox 875 1141 989 1232; x_wconf 83' lang='lat' dir='ltr'><strong>dices3</strong></span> <span class='ocrx_word' id='word_1_53' title='bbox 1004 1157 1040 1213; x_wconf 90' lang='lat' dir='ltr'><strong>at</strong></span> <span class='ocrx_word' id='word_1_54' title='bbox 1057 1143 1169 1240; x_wconf 91' lang='lat' dir='ltr'><strong>ipsius</strong></span> 
     </span>
     <span class='ocr_line' id='line_1_9' title="bbox 159 1248 1167 1340; baseline 0.008 -22"><span class='ocrx_word' id='word_1_55' title='bbox 159 1248 342 1319; x_wconf 86' lang='lat' dir='ltr'><strong>Ciceronis</strong></span> <span class='ocrx_word' id='word_1_56' title='bbox 359 1263 473 1340; x_wconf 88' lang='lat' dir='ltr'><strong>aetate,</strong></span> <span class='ocrx_word' id='word_1_57' title='bbox 490 1273 613 1321; x_wconf 90' lang='lat' dir='ltr'><strong>nonne</strong></span> <span class='ocrx_word' id='word_1_58' title='bbox 631 1250 746 1340; x_wconf 90' lang='lat' dir='ltr'><strong>multi,</strong></span> <span class='ocrx_word' id='word_1_59' title='bbox 765 1267 799 1323; x_wconf 89' lang='lat' dir='ltr'><strong>et</strong></span> <span class='ocrx_word' id='word_1_60' title='bbox 818 1253 928 1325; x_wconf 90' lang='lat' dir='ltr'><strong>iidem</strong></span> <span class='ocrx_word' id='word_1_61' title='bbox 945 1254 1167 1326; x_wconf 85' lang='lat' dir='ltr'><strong>excellentis-</strong></span> 
     </span>
     <span class='ocr_line' id='line_1_10' title="bbox 159 1361 1171 1465; baseline 0.006 -33"><span class='ocrx_word' id='word_1_62' title='bbox 159 1361 257 1452; x_wconf 90' lang='lat' dir='ltr'><strong>simi,</strong></span> <span class='ocrx_word' id='word_1_63' title='bbox 272 1362 371 1432; x_wconf 89' lang='lat' dir='ltr'><strong>omni</strong></span> <span class='ocrx_word' id='word_1_64' title='bbox 384 1363 498 1458; x_wconf 84' lang='lat' dir='ltr'><strong>gratia</strong></span> <span class='ocrx_word' id='word_1_65' title='bbox 512 1376 547 1432; x_wconf 91' lang='lat' dir='ltr'><strong>et</strong></span> <span class='ocrx_word' id='word_1_66' title='bbox 561 1363 682 1433; x_wconf 91' lang='lat' dir='ltr'><strong>nativo</strong></span> <span class='ocrx_word' id='word_1_67' title='bbox 697 1362 820 1461; x_wconf 88' lang='lat' dir='ltr'><strong>lepore</strong></span> <span class='ocrx_word' id='word_1_68' title='bbox 837 1379 873 1436; x_wconf 89' lang='lat' dir='ltr'><strong>et</strong></span> <span class='ocrx_word' id='word_1_69' title='bbox 889 1380 1086 1465; x_wconf 84' lang='lat' dir='ltr'><strong>temperata</strong></span> <span class='ocrx_word' id='word_1_70' title='bbox 1097 1391 1171 1462; x_wconf 84' lang='lat' dir='ltr'><strong>gra·</strong></span> 
     </span>
     <span class='ocr_line' id='line_1_11' title="bbox 160 1475 1167 1572; baseline 0.007 -29"><span class='ocrx_word' id='word_1_71' title='bbox 160 1475 268 1546; x_wconf 89' lang='lat' dir='ltr'><strong>vitate</strong></span> <span class='ocrx_word' id='word_1_72' title='bbox 295 1475 509 1572; x_wconf 87' lang='lat' dir='ltr'><strong>conspicuas</strong></span> <span class='ocrx_word' id='word_1_73' title='bbox 536 1475 703 1572; x_wconf 86' lang='lat' dir='ltr'><strong>epistolas</strong></span> <span class='ocrx_word' id='word_1_74' title='bbox 728 1476 908 1548; x_wconf 90' lang='lat' dir='ltr'><strong>scribendi</strong></span> <span class='ocrx_word' id='word_1_75' title='bbox 927 1493 1104 1567; x_wconf 88' lang='lat' dir='ltr'><strong>auctores,</strong></span> <span class='ocrx_word' id='word_1_76' title='bbox 1124 1483 1167 1550; x_wconf 93' lang='lat' dir='ltr'><strong>C.</strong></span> 
     </span>
     <span class='ocr_line' id='line_1_12' title="bbox 159 1588 1168 1686; baseline 0.005 -28"><span class='ocrx_word' id='word_1_77' title='bbox 159 1589 288 1678; x_wconf 84' lang='lat' dir='ltr'><strong>Caesar,</strong></span> <span class='ocrx_word' id='word_1_78' title='bbox 313 1591 360 1658; x_wconf 91' lang='lat' dir='ltr'><strong>M.</strong></span> <span class='ocrx_word' id='word_1_79' title='bbox 386 1591 474 1659; x_wconf 91' lang='lat' dir='ltr'><strong>Cato</strong></span> <span class='ocrx_word' id='word_1_80' title='bbox 496 1588 690 1681; x_wconf 82' lang='lat' dir='ltr'><strong>Uticensis,</strong></span> <span class='ocrx_word' id='word_1_81' title='bbox 722 1590 925 1686; x_wconf 88' lang='lat' dir='ltr'><strong>Pompeius,</strong></span> <span class='ocrx_word' id='word_1_82' title='bbox 951 1594 999 1661; x_wconf 87' lang='lat' dir='ltr'><strong>M.</strong></span> <span class='ocrx_word' id='word_1_83' title='bbox 1029 1592 1168 1683; x_wconf 84' lang='lat' dir='ltr'><strong>Caelius,</strong></span> 
     </span>
     <span class='ocr_line' id='line_1_13' title="bbox 160 1701 1172 1802; baseline 0.006 -30"><span class='ocrx_word' id='word_1_84' title='bbox 160 1705 227 1772; x_wconf 88' lang='lat' dir='ltr'><strong>Cn.</strong></span> <span class='ocrx_word' id='word_1_85' title='bbox 252 1701 392 1791; x_wconf 88' lang='lat' dir='ltr'><strong>Matios,</strong></span> <span class='ocrx_word' id='word_1_86' title='bbox 420 1701 546 1772; x_wconf 85' lang='lat' dir='ltr'><strong>lunius</strong></span> <span class='ocrx_word' id='word_1_87' title='bbox 562 1717 598 1774; x_wconf 89' lang='lat' dir='ltr'><strong>et</strong></span> <span class='ocrx_word' id='word_1_88' title='bbox 621 1703 790 1774; x_wconf 87' lang='lat' dir='ltr'><strong>Decimus</strong></span> <span class='ocrx_word' id='word_1_89' title='bbox 816 1705 927 1795; x_wconf 89' lang='lat' dir='ltr'><strong>Bruti,</strong></span> <span class='ocrx_word' id='word_1_90' title='bbox 949 1705 1172 1802; x_wconf 87' lang='lat' dir='ltr'><strong>complures-</strong></span> 
     </span>
     <span class='ocr_line' id='line_1_14' title="bbox 160 1813 1171 1914; baseline 0.006 -30"><span class='ocrx_word' id='word_1_91' title='bbox 160 1837 232 1911; x_wconf 90' lang='lat' dir='ltr'><strong>que</strong></span> <span class='ocrx_word' id='word_1_92' title='bbox 251 1813 322 1903; x_wconf 90' lang='lat' dir='ltr'><strong>alii,</strong></span> <span class='ocrx_word' id='word_1_93' title='bbox 343 1838 500 1910; x_wconf 92' lang='lat' dir='ltr'><strong>quorum</strong></span> <span class='ocrx_word' id='word_1_94' title='bbox 521 1813 684 1911; x_wconf 89' lang='lat' dir='ltr'><strong>quaedam</strong></span> <span class='ocrx_word' id='word_1_95' title='bbox 707 1832 900 1914; x_wconf 87' lang='lat' dir='ltr'><strong>supersunt</strong></span> <span class='ocrx_word' id='word_1_96' title='bbox 917 1819 1010 1889; x_wconf 90' lang='lat' dir='ltr'><strong>inter</strong></span> <span class='ocrx_word' id='word_1_97' title='bbox 1029 1820 1171 1890; x_wconf 90' lang='lat' dir='ltr'><strong>Cicero·</strong></span> 
     </span>
     <span class='ocr_line' id='line_1_15' title="bbox 160 1926 1169 2024; baseline 0.005 -27"><span class='ocrx_word' id='word_1_98' title='bbox 160 1927 216 1998; x_wconf 90' lang='lat' dir='ltr'><strong>nis</strong></span> <span class='ocrx_word' id='word_1_99' title='bbox 225 1926 981 2024; x_wconf 71' lang='lat' dir='ltr'><strong>epistolas,exstiteruntiNonnedchorum</strong></span> <span class='ocrx_word' id='word_1_100' title='bbox 992 1931 1169 2022; x_wconf 90' lang='lat' dir='ltr'><strong>omnium,</strong></span> 
     </span>
     <span class='ocr_line' id='line_1_16' title="bbox 161 2038 1171 2139; baseline 0.004 -29"><span class='ocrx_word' id='word_1_101' title='bbox 161 2040 224 2136; x_wconf 91' lang='lat' dir='ltr'><strong>qui</strong></span> <span class='ocrx_word' id='word_1_102' title='bbox 248 2040 343 2110; x_wconf 89' lang='lat' dir='ltr'><strong>intra</strong></span> <span class='ocrx_word' id='word_1_103' title='bbox 367 2039 465 2110; x_wconf 92' lang='lat' dir='ltr'><strong>idem</strong></span> <span class='ocrx_word' id='word_1_104' title='bbox 487 2038 596 2109; x_wconf 85' lang='lat' dir='ltr'><strong>veluti</strong></span> <span class='ocrx_word' id='word_1_105' title='bbox 617 2043 726 2110; x_wconf 87' lang='lat' dir='ltr'><strong>aetatis</strong></span> <span class='ocrx_word' id='word_1_106' title='bbox 743 2040 897 2139; x_wconf 88' lang='lat' dir='ltr'><strong>spatium</strong></span> <span class='ocrx_word' id='word_1_107' title='bbox 921 2040 1048 2112; x_wconf 86' lang='lat' dir='ltr'><strong>inclusi</strong></span> <span class='ocrx_word' id='word_1_108' title='bbox 1074 2057 1171 2134; x_wconf 92' lang='lat' dir='ltr'><strong>sunt,</strong></span> 
     </span>
     <span class='ocr_line' id='line_1_17' title="bbox 162 2151 1171 2251; baseline 0.001 -27"><span class='ocrx_word' id='word_1_109' title='bbox 162 2151 344 2250; x_wconf 83' lang='lat' dir='ltr'><strong>epistolari</strong></span> <span class='ocrx_word' id='word_1_110' title='bbox 373 2152 513 2224; x_wconf 88' lang='lat' dir='ltr'><strong>ratione</strong></span> <span class='ocrx_word' id='word_1_111' title='bbox 538 2165 574 2221; x_wconf 91' lang='lat' dir='ltr'><strong>et</strong></span> <span class='ocrx_word' id='word_1_112' title='bbox 599 2151 715 2223; x_wconf 85' lang='lat' dir='ltr'><strong>forma</strong></span> <span class='ocrx_word' id='word_1_113' title='bbox 744 2153 870 2224; x_wconf 89' lang='lat' dir='ltr'><strong>eadem</strong></span> <span class='ocrx_word' id='word_1_114' title='bbox 896 2154 966 2224; x_wconf 92' lang='lat' dir='ltr'><strong>dici</strong></span> <span class='ocrx_word' id='word_1_115' title='bbox 1000 2169 1171 2251; x_wconf 90' lang='lat' dir='ltr'><strong>possunt,</strong></span> 
     </span>
     <span class='ocr_line' id='line_1_18' title="bbox 162 2262 1174 2362; baseline 0.002 -28"><span class='ocrx_word' id='word_1_116' title='bbox 162 2290 242 2362; x_wconf 84' lang='lat' dir='ltr'><strong>quae</strong></span> <span class='ocrx_word' id='word_1_117' title='bbox 265 2265 395 2336; x_wconf 89' lang='lat' dir='ltr'><strong>merito</strong></span> <span class='ocrx_word' id='word_1_118' title='bbox 416 2262 552 2334; x_wconf 88' lang='lat' dir='ltr'><strong>Tullius</strong></span> <span class='ocrx_word' id='word_1_119' title='bbox 573 2263 620 2335; x_wconf 90' lang='lat' dir='ltr'><strong>de</strong></span> <span class='ocrx_word' id='word_1_120' title='bbox 638 2263 842 2336; x_wconf 90' lang='lat' dir='ltr'><strong>oratoribus</strong></span> <span class='ocrx_word' id='word_1_121' title='bbox 864 2266 1001 2336; x_wconf 90' lang='lat' dir='ltr'><strong>cunctis</strong></span> <span class='ocrx_word' id='word_1_122' title='bbox 1023 2270 1174 2336; x_wconf 87' lang='lat' dir='ltr'><strong>Demos·</strong></span> 
     </span>
     <span class='ocr_line' id='line_1_19' title="bbox 165 2373 1175 2474; baseline 0 -26"><span class='ocrx_word' id='word_1_123' title='bbox 165 2377 282 2448; x_wconf 88' lang='lat' dir='ltr'><strong>thenis</strong></span> <span class='ocrx_word' id='word_1_124' title='bbox 303 2374 499 2474; x_wconf 79' lang='lat' dir='ltr'><strong>aequalibus</strong></span> <span class='ocrx_word' id='word_1_125' title='bbox 522 2373 712 2447; x_wconf 87' lang='lat' dir='ltr'><strong>affirmavit</strong></span> <span class='ocrx_word' id='word_1_126' title='bbox 728 2380 751 2466; x_wconf 86' lang='lat'><strong>&#39;,</strong></span> <span class='ocrx_word' id='word_1_127' title='bbox 771 2378 808 2448; x_wconf 94' lang='lat' dir='ltr'><strong>in</strong></span> <span class='ocrx_word' id='word_1_128' title='bbox 832 2377 976 2474; x_wconf 89' lang='lat' dir='ltr'><strong>quibus,</strong></span> <span class='ocrx_word' id='word_1_129' title='bbox 997 2401 1175 2474; x_wconf 76' lang='lat' dir='ltr'><strong>quaecum·</strong></span> 
     </span>
     <span class='ocr_line' id='line_1_20' title="bbox 165 2489 1173 2590; baseline -0.001 -28"><span class='ocrx_word' id='word_1_130' title='bbox 165 2517 237 2590; x_wconf 88' lang='lat' dir='ltr'><strong>que</strong></span> <span class='ocrx_word' id='word_1_131' title='bbox 260 2505 378 2562; x_wconf 85' lang='lat' dir='ltr'><strong>essent</strong></span> <span class='ocrx_word' id='word_1_132' title='bbox 403 2491 440 2560; x_wconf 95' lang='lat' dir='ltr'><strong>in</strong></span> <span class='ocrx_word' id='word_1_133' title='bbox 468 2489 691 2584; x_wconf 86' lang='lat' dir='ltr'><strong>singulorum</strong></span> <span class='ocrx_word' id='word_1_134' title='bbox 717 2489 909 2561; x_wconf 84' lang='lat' dir='ltr'><strong>virtutibus</strong></span> <span class='ocrx_word' id='word_1_135' title='bbox 938 2490 1173 2581; x_wconf 85' lang='lat' dir='ltr'><strong>diversitates,</strong></span> 
     </span>
     <span class='ocr_line' id='line_1_21' title="bbox 77 2602 1177 2700; baseline -0.004 -22"><span class='ocrx_word' id='word_1_136' title='bbox 77 2677 81 2684; x_wconf 90' lang='grc'>,</span> <span class='ocrx_word' id='word_1_137' title='bbox 166 2630 293 2678; x_wconf 89' lang='lat' dir='ltr'><strong>succus</strong></span> <span class='ocrx_word' id='word_1_138' title='bbox 310 2618 349 2675; x_wconf 90' lang='lat' dir='ltr'><strong>et</strong></span> <span class='ocrx_word' id='word_1_139' title='bbox 362 2603 505 2698; x_wconf 83' lang='lat' dir='ltr'><strong>sanguis</strong></span> <span class='ocrx_word' id='word_1_140' title='bbox 521 2603 765 2700; x_wconf 91' lang='lat' dir='ltr'><strong>incorruptus,</strong></span> <span class='ocrx_word' id='word_1_141' title='bbox 787 2619 822 2674; x_wconf 90' lang='lat' dir='ltr'><strong>et</strong></span> <span class='ocrx_word' id='word_1_142' title='bbox 838 2602 1022 2696; x_wconf 88' lang='lat' dir='ltr'><strong>naturalis,</strong></span> <span class='ocrx_word' id='word_1_143' title='bbox 1041 2625 1107 2674; x_wconf 89' lang='lat' dir='ltr'><strong>nec</strong></span> <span class='ocrx_word' id='word_1_144' title='bbox 1126 2603 1177 2674; x_wconf 83' lang='lat' dir='ltr'><strong>lu·</strong></span> 
     </span>
     <span class='ocr_line' id='line_1_22' title="bbox 165 2715 1177 2813; baseline -0.009 -21"><span class='ocrx_word' id='word_1_145' title='bbox 165 2735 267 2791; x_wconf 90' lang='lat' dir='ltr'><strong>catus</strong></span> <span class='ocrx_word' id='word_1_146' title='bbox 291 2718 388 2788; x_wconf 90' lang='lat' dir='ltr'><strong>nitor</strong></span> <span class='ocrx_word' id='word_1_147' title='bbox 405 2715 558 2788; x_wconf 84' lang='lat' dir='ltr'><strong>inesset?</strong></span> <span class='ocrx_word' id='word_1_148' title='bbox 578 2715 735 2813; x_wconf 87' lang='lat' dir='ltr'><strong>Simplex</strong></span> <span class='ocrx_word' id='word_1_149' title='bbox 756 2715 930 2812; x_wconf 88' lang='lat' dir='ltr'><strong>quiddam</strong></span> <span class='ocrx_word' id='word_1_150' title='bbox 955 2730 989 2786; x_wconf 89' lang='lat' dir='ltr'><strong>et</strong></span> <span class='ocrx_word' id='word_1_151' title='bbox 1011 2737 1177 2812; x_wconf 88' lang='lat' dir='ltr'><strong>pressum</strong></span> 
     </span>
     <span class='ocr_line' id='line_1_23' title="bbox 167 2825 1178 2924; baseline -0.006 -20"><span class='ocrx_word' id='word_1_152' title='bbox 167 2847 203 2904; x_wconf 90' lang='lat' dir='ltr'><strong>et</strong></span> <span class='ocrx_word' id='word_1_153' title='bbox 219 2830 448 2904; x_wconf 88' lang='lat' dir='ltr'><strong>enucleatum</strong></span> <span class='ocrx_word' id='word_1_154' title='bbox 462 2843 498 2900; x_wconf 91' lang='lat' dir='ltr'><strong>et</strong></span> <span class='ocrx_word' id='word_1_155' title='bbox 511 2825 691 2899; x_wconf 85' lang='lat' dir='ltr'><strong>urbanum</strong></span> <span class='ocrx_word' id='word_1_156' title='bbox 711 2828 953 2899; x_wconf 90' lang='lat' dir='ltr'><strong>communiter</strong></span> <span class='ocrx_word' id='word_1_157' title='bbox 965 2828 1003 2897; x_wconf 94' lang='lat' dir='ltr'><strong>in</strong></span> <span class='ocrx_word' id='word_1_158' title='bbox 1018 2825 1178 2924; x_wconf 85' lang='lat' dir='ltr'><strong>epistolis</strong></span> 
     </span>
     <span class='ocr_line' id='line_1_24' title="bbox 168 2940 1171 3038; baseline -0.005 -23"><span class='ocrx_word' id='word_1_159' title='bbox 168 2944 338 3015; x_wconf 89' lang='lat' dir='ltr'><strong>omnibus</strong></span> <span class='ocrx_word' id='word_1_160' title='bbox 348 2943 572 3038; x_wconf 87' lang='lat' dir='ltr'><strong>elucet,qnas</strong></span> <span class='ocrx_word' id='word_1_161' title='bbox 581 2942 764 3013; x_wconf 89' lang='lat' dir='ltr'><strong>Ciceronis</strong></span> <span class='ocrx_word' id='word_1_162' title='bbox 776 2940 930 3038; x_wconf 86' lang='lat' dir='ltr'><strong>aequales</strong></span> <span class='ocrx_word' id='word_1_163' title='bbox 939 2941 1171 3038; x_wconf 87' lang='lat' dir='ltr'><strong>scripserunt.</strong></span> 
     </span>
     <span class='ocr_line' id='line_1_25' title="bbox 74 3055 1180 3153; baseline -0.008 -21"><span class='ocrx_word' id='word_1_164' title='bbox 74 3123 80 3132; x_wconf 89' lang='lat'><em>.</em></span> <span class='ocrx_word' id='word_1_165' title='bbox 169 3061 241 3128; x_wconf 91' lang='lat' dir='ltr'><strong>Has</strong></span> <span class='ocrx_word' id='word_1_166' title='bbox 269 3071 304 3129; x_wconf 92' lang='lat' dir='ltr'><strong>et</strong></span> <span class='ocrx_word' id='word_1_167' title='bbox 326 3055 412 3127; x_wconf 90' lang='lat' dir='ltr'><strong>alias</strong></span> <span class='ocrx_word' id='word_1_168' title='bbox 436 3056 605 3147; x_wconf 86' lang='lat' dir='ltr'><strong>sortasse,</strong></span> <span class='ocrx_word' id='word_1_169' title='bbox 639 3055 761 3153; x_wconf 87' lang='lat' dir='ltr'><strong>quales</strong></span> <span class='ocrx_word' id='word_1_170' title='bbox 788 3079 867 3152; x_wconf 83' lang='lat' dir='ltr'><strong>quae</strong></span> <span class='ocrx_word' id='word_1_171' title='bbox 897 3055 1065 3150; x_wconf 79' lang='lat' dir='ltr'><strong>Augusti,</strong></span> <span class='ocrx_word' id='word_1_172' title='bbox 1098 3075 1180 3150; x_wconf 89' lang='lat' dir='ltr'><strong>quae</strong></span> 
     </span>
     <span class='ocr_line' id='line_1_26' title="bbox 170 3168 1180 3266; baseline -0.003 -26"><span class='ocrx_word' id='word_1_173' title='bbox 170 3169 281 3240; x_wconf 82' lang='lat' dir='ltr'><strong>Asinii</strong></span> <span class='ocrx_word' id='word_1_174' title='bbox 300 3168 481 3259; x_wconf 91' lang='lat' dir='ltr'><strong>Pollionis,</strong></span> <span class='ocrx_word' id='word_1_175' title='bbox 503 3193 582 3264; x_wconf 86' lang='lat' dir='ltr'><strong>quae</strong></span> <span class='ocrx_word' id='word_1_176' title='bbox 600 3183 804 3241; x_wconf 87' lang='lat' dir='ltr'><strong>ceterorum</strong></span> <span class='ocrx_word' id='word_1_177' title='bbox 821 3170 1037 3266; x_wconf 87' lang='lat' dir='ltr'><strong>incorruptae</strong></span> <span class='ocrx_word' id='word_1_178' title='bbox 1055 3181 1090 3238; x_wconf 89' lang='lat' dir='ltr'><strong>et</strong></span> <span class='ocrx_word' id='word_1_179' title='bbox 1112 3190 1180 3264; x_wconf 91' lang='lat' dir='ltr'><strong>pu-</strong></span> 
     </span>
     <span class='ocr_line' id='line_1_27' title="bbox 170 3279 1185 3368; baseline -0.003 -16"><span class='ocrx_word' id='word_1_180' title='bbox 170 3307 218 3354; x_wconf 77' lang='lat' dir='ltr'><strong>rae</strong></span> <span class='ocrx_word' id='word_1_181' title='bbox 234 3281 414 3353; x_wconf 88' lang='lat' dir='ltr'><strong>latinitatis</strong></span> <span class='ocrx_word' id='word_1_182' title='bbox 431 3296 620 3353; x_wconf 90' lang='lat' dir='ltr'><strong>auctorum</strong></span> <span class='ocrx_word' id='word_1_183' title='bbox 638 3281 844 3353; x_wconf 92' lang='lat' dir='ltr'><strong>nominibus</strong></span> <span class='ocrx_word' id='word_1_184' title='bbox 864 3280 1082 3368; x_wconf 77' lang='lat' dir='ltr'><strong>ferebantur,</strong></span> <span class='ocrx_word' id='word_1_185' title='bbox 1105 3279 1185 3349; x_wconf 88' lang='lat' dir='ltr'><strong>Vic-</strong></span> 
     </span>
     <span class='ocr_line' id='line_1_28' title="bbox 171 3387 1182 3489; baseline -0.007 -24"><span class='ocrx_word' id='word_1_186' title='bbox 171 3409 229 3466; x_wconf 93' lang='lat' dir='ltr'><strong>tor</strong></span> <span class='ocrx_word' id='word_1_187' title='bbox 245 3418 415 3465; x_wconf 91' lang='lat' dir='ltr'><strong>unacum</strong></span> <span class='ocrx_word' id='word_1_188' title='bbox 431 3393 534 3464; x_wconf 88' lang='lat' dir='ltr'><strong>Tullii</strong></span> <span class='ocrx_word' id='word_1_189' title='bbox 552 3393 675 3464; x_wconf 90' lang='lat' dir='ltr'><strong>litteris</strong></span> <span class='ocrx_word' id='word_1_190' title='bbox 691 3416 892 3464; x_wconf 90' lang='lat' dir='ltr'><strong>memorare</strong></span> <span class='ocrx_word' id='word_1_191' title='bbox 907 3391 1092 3489; x_wconf 91' lang='lat' dir='ltr'><strong>potuisset.</strong></span> <span class='ocrx_word' id='word_1_192' title='bbox 1109 3387 1182 3458; x_wconf 87' lang='lat' dir='ltr'><strong>Sed</strong></span> 
     </span>
     <span class='ocr_line' id='line_1_29' title="bbox 174 3502 1187 3606; baseline -0.009 -27"><span class='ocrx_word' id='word_1_193' title='bbox 174 3509 347 3606; x_wconf 90' lang='lat' dir='ltr'><strong>quoniam</strong></span> <span class='ocrx_word' id='word_1_194' title='bbox 365 3532 440 3578; x_wconf 93' lang='lat' dir='ltr'><strong>non</strong></span> <span class='ocrx_word' id='word_1_195' title='bbox 460 3507 519 3578; x_wconf 93' lang='lat' dir='ltr'><strong>hic</strong></span> <span class='ocrx_word' id='word_1_196' title='bbox 536 3508 661 3604; x_wconf 85' lang='lat' dir='ltr'><strong>magis,</strong></span> <span class='ocrx_word' id='word_1_197' title='bbox 675 3531 785 3603; x_wconf 82' lang='lat' dir='ltr'><strong>quam</strong></span> <span class='ocrx_word' id='word_1_198' title='bbox 802 3506 885 3576; x_wconf 90' lang='lat' dir='ltr'><strong>alias</strong></span> <span class='ocrx_word' id='word_1_199' title='bbox 905 3502 1127 3574; x_wconf 90' lang='lat' dir='ltr'><strong>obliviscitur</strong></span> <span class='ocrx_word' id='word_1_200' title='bbox 1142 3524 1187 3570; x_wconf 87' lang='lat' dir='ltr'><strong>se</strong></span> 
     </span>
     <span class='ocr_line' id='line_1_30' title="bbox 175 3614 1186 3720; baseline -0.007 -29"><span class='ocrx_word' id='word_1_201' title='bbox 175 3614 1066 3720; x_wconf 88' lang='lat' dir='ltr'><strong>rhetoricioperistantummodocompendium,ad</strong></span> <span class='ocrx_word' id='word_1_202' title='bbox 1076 3637 1186 3685; x_wconf 85' lang='lat' dir='ltr'><strong>usum</strong></span> 
     </span>
     <span class='ocr_line' id='line_1_31' title="bbox 176 3727 1266 3830; baseline -0.007 -25"><span class='ocrx_word' id='word_1_203' title='bbox 176 3735 327 3806; x_wconf 90' lang='lat' dir='ltr'><strong>studiosi</strong></span> <span class='ocrx_word' id='word_1_204' title='bbox 352 3733 538 3830; x_wconf 86' lang='lat' dir='ltr'><strong>cujusdam</strong></span> <span class='ocrx_word' id='word_1_205' title='bbox 561 3734 715 3830; x_wconf 85' lang='lat' dir='ltr'><strong>juvenis,</strong></span> <span class='ocrx_word' id='word_1_206' title='bbox 743 3732 930 3822; x_wconf 91' lang='lat' dir='ltr'><strong>inchoare,</strong></span> <span class='ocrx_word' id='word_1_207' title='bbox 955 3753 1073 3826; x_wconf 89' lang='lat' dir='ltr'><strong>neque</strong></span> <span class='ocrx_word' id='word_1_208' title='bbox 1100 3727 1186 3799; x_wconf 87' lang='lat' dir='ltr'><strong>ideo</strong></span> <span class='ocrx_word' id='word_1_209' title='bbox 1262 3748 1266 3755; x_wconf 84' lang='lat'><em>·</em></span> 
     </span>
    </p>
   </div>
   <div class='ocr_carea' id='block_1_3' title="bbox 218 3993 707 4165">
    <p class='ocr_par' dir='ltr' id='par_1_3' title="bbox 218 3993 707 4165">
     <span class='ocr_line' id='line_1_32' title="bbox 221 3993 515 4072; baseline 0.01 -19"><span class='ocrx_word' id='word_1_210' title='bbox 221 3999 249 4056; x_wconf 85' lang='lat' dir='ltr'><strong>t.</strong></span> <span class='ocrx_word' id='word_1_211' title='bbox 274 3993 348 4054; x_wconf 76' lang='lat' dir='ltr'><strong>vite</strong></span> <span class='ocrx_word' id='word_1_212' title='bbox 364 4014 394 4072; x_wconf 84' lang='lat' dir='ltr'><strong>p.</strong></span> <span class='ocrx_word' id='word_1_213' title='bbox 411 3996 515 4056; x_wconf 79' lang='lat' dir='ltr'><strong>tr-ta.</strong></span> 
     </span>
     <span class='ocr_line' id='line_1_33' title="bbox 218 4081 707 4165; baseline 0.002 -23"><span class='ocrx_word' id='word_1_214' title='bbox 218 4088 249 4148; x_wconf 57' lang='grc' dir='ltr'><strong>ἓ.</strong></span> <span class='ocrx_word' id='word_1_215' title='bbox 270 4084 329 4145; x_wconf 87' lang='lat' dir='ltr'><strong>Cic.</strong></span> <span class='ocrx_word' id='word_1_216' title='bbox 349 4087 462 4155; x_wconf 83' lang='lat' dir='ltr'><strong>Brutus,</strong></span> <span class='ocrx_word' id='word_1_217' title='bbox 478 4102 542 4162; x_wconf 88' lang='lat' dir='ltr'><strong>cap.</strong></span> <span class='ocrx_word' id='word_1_218' title='bbox 559 4104 604 4160; x_wconf 78' lang='lat'><strong>11,</strong></span> <span class='ocrx_word' id='word_1_219' title='bbox 621 4081 707 4165; x_wconf 69' lang='lat'><strong>336,</strong></span> 
     </span>
    </p>
   </div>
   <div class='ocr_carea' id='block_1_4' title="bbox 0 0 1467 5058">
    <p class='ocr_par' dir='ltr' id='par_1_4' title="bbox 0 0 1467 5058">
     <span class='ocr_line' id='line_1_34' title="bbox 0 0 1467 5058; baseline 0 0"><span class='ocrx_word' id='word_1_220' title='bbox 0 0 1467 5058; x_wconf 95' lang='lat' dir='ltr'><strong> </strong></span> 
     </span>
    </p>
   </div>
  </div>
 </body>
</html>
