2880 5058
684 359 907 465 ..uqs-

291 515 455 622 praesule,
474 528 513 587 ut
529 513 591 602 ait,
610 509 649 586 id
673 525 727 584 est
740 510 906 610 praelecto
932 507 1091 584 cohortis
1107 514 1298 612 praetoriae,

291 657 355 706 seu
379 653 499 704 coram
525 625 790 728 provinciarum
813 624 1013 722 judicibus,
1039 651 1102 697 seu
1123 651 1298 722 nonuun-

290 769 400 844 quam
419 742 539 832 etiam,
561 753 600 810 ut
615 751 736 811 narrat
751 737 960 810 Ammianus
974 737 1219 832 Marcellinus,
1234 767 1299 823 co-

290 881 370 929 ram
386 854 471 954 ipsis
492 851 726 951 principibus,
744 853 959 948 agerentur?
976 855 1009 923 ls
1031 851 1129 926 enim
1150 851 1226 927 lraec
1251 853 1299 938 de

290 967 408 1040 Attico
423 965 553 1037 Tirone
569 963 775 1065 Delplridi0,
795 989 869 1038 uno
892 990 913 1039 e
938 963 1142 1039 rhetoribus
1163 964 1209 1040 ab
1229 973 1300 1065 Aq-

289 1083 396 1156 sonio
413 1078 624 1180 praedicatis,
644 1081 782 1152 narrat¹
801 1105 809 1148 z
829 1108 846 1146 u
867 1079 1077 1152 Numerium
1093 1078 1301 1166 Narbonen-

290 1196 338 1270 sis
354 1195 463 1296 paulo
479 1209 562 1266 ante
578 1208 755 1266 rectorem
780 1207 985 1266 accusatum
998 1209 1042 1266 ut
1058 1193 1187 1284 frtrem,
1208 1189 1300 1270 inu'-

277 1309 396 1382 'sitato
413 1308 577 1380 censorio
596 1309 726 1403 rigore,
737 1303 1122 1406 protribunali,palam
1133 1306 1298 1397 admissis

289 1417 506 1512 uolentibus,
521 1419 680 1501 Julianus
696 1425 811 1492 Caesar
828 1419 1008 1494 audiebat.
1025 1421 1096 1508 Qui
1111 1446 1222 1518 quum
1240 1410 1297 1497 in‘·

288 1535 356 1610 sita
374 1536 512 1608 ratione
527 1533 735 1607 defenderet
751 1532 906 1629 objecta,
926 1558 993 1605 nec
1010 1547 1131 1632 posset
1147 1533 1183 1604 in
1202 1557 1293 1631 qun-

275 1671 399 1748 'quam
432 1647 626 1738 confutari,
657 1645 890 1746 Delphidius,
920 1661 1042 1718 orator
1078 1647 1293 1737 acerrimus,

289 1758 522 1832 vehementer
532 1759 851 1858 eumimpugnans,
861 1757 1162 1830 documentorum
1172 1759 1296 1857 inopia

289 1871 446 1972 percitus
471 1871 682 1945 exclamavit
701 1899 710 1942 s
730 1872 873 1971 Ecquis,
892 1872 1141 1944 florentissime
1162 1876 1291 1966 Caesar,

289 2011 426 2059 nocens
443 2011 520 2059 esse
535 1987 666 2085 poterit
682 2011 856 2086 uuquam,
876 1987 905 2059 si
926 2011 1055 2086 negare
1082 1986 1262 2059 sullecerit
1279 1987 1295 2058 i

280 2099 393 2200 ,Circa
409 2126 488 2198 quae
505 2099 665 2172 Julianus
682 2099 877 2200 prudenter
892 2115 1024 2193 motus,
1043 2125 1085 2172 ex
1105 2116 1294 2200 tempore:

289 2215 434 2311 Ecquis,
445 2213 506 2306 ait,
518 2213 691 2284 innocens
705 2239 780 2285 esse
798 2213 943 2312 poterit,
956 2215 985 2285 si
1002 2207 1187 2286 accusasse
1197 2213 1296 2286 sulli-

288 2325 415 2397 cleti»
426 2329 478 2395 lta
489 2340 528 2396 ut
538 2325 761 2423 amplissimae
772 2342 1083 2426 quaesuperessent
1093 2328 1297 2412 oratoribus

289 2463 416 2527 causae,
436 2437 482 2510 ad
500 2438 697 2537 peculatus,
717 2439 763 2512 ad
781 2439 881 2512 malae
898 2456 1002 2540 gestae
1018 2441 1230 2541 provinciae,
1251 2441 1297 2516 ad

289 2550 499 2624 offensionis
537 2577 618 2648 erga
654 2553 825 2652 principis
864 2554 1086 2652 majestatem
1119 2555 1292 2644 crimina,

288 2663 419 2738 saeculo
445 2691 499 2758 m,
528 2665 679 2763 perinde
701 2691 744 2738 ac
767 2667 868 2738 Plinii
897 2668 1051 2738 Junioris
1077 2682 1112 2739 et
1138 2666 1295 2739 Cornelii

288 2779 399 2852 Taciti
416 2793 529 2872 aetate,
548 2778 776 2869 reserrentur,
796 2795 835 2851 ut
852 2805 959 2878 supra
976 2780 1166 2872 diximus¹3
1181 2805 1227 2852 co
1242 2794 1295 2854 ta·

289 2918 373 2966 men
393 2891 581 2988 diligenter
605 2893 814 2966 aestimando
842 2893 1059 2982 discrimine,
1080 2893 1178 2990 quod
1195 2897 1296 2992 prin·

288 3006 410 3104 cipum
441 2997 525 3102 post
553 3009 748 3102 Augustum
776 3033 887 3104 usque
910 3008 957 3078 ad
979 3006 1169 3102 TraJanum
1190 3033 1291 3098 aev0,

286 3113 442 3214 plurima
458 3116 577 3188 adlruc
589 3119 717 3189 veteris
733 3119 957 3218 eloquentiae,
976 3119 1057 3192 licet
1072 3119 1108 3191 in
1127 3120 1203 3194 dies
1216 3145 1296 3194 cor·

286 3245 413 3330 ruptae,
433 3230 579 3328 vestigia
596 3247 730 3304 servata
747 3249 861 3326 erant,
882 3234 1063 3306 verisimili
1082 3248 1203 3306 autem
1219 3237 1294 3308 Caii

286 3344 1293 3446 JuliiVictorisetAusoniietSymmaclriaetate,lacuudiae

285 3459 434 3531 virtutes
452 3459 563 3556 magis
581 3462 780 3559 magisque,
798 3461 946 3534 diversis
962 3460 1007 3531 de
1024 3459 1151 3545 causis,
1172 3461 1292 3540 immi-

285 3586 382 3643 nutae
398 3588 511 3665 erant,
533 3573 617 3644 vitia
633 3599 719 3646 vero
737 3597 961 3675 supergressa
980 3575 1132 3646 inerant.
1153 3579 1197 3645 At
1212 3573 1293 3646 reli-

285 3708 357 3780 qua
392 3710 471 3783 quae
498 3701 582 3758 tunc
613 3702 714 3759 erant
740 3689 872 3762 lorensi
897 3713 938 3762 ac
962 3714 1053 3760 verae
1077 3687 1292 3786 eloquentiae

284 3811 425 3870 servata
440 3797 610 3894 themata,
631 3800 688 3872 vel
710 3799 755 3872 ad
774 3803 928 3902 privatas
945 3801 1022 3874 illas
1042 3793 1167 3874 causas
1183 3791 1292 3874 redu·

261 4126 265 4138 ·
324 4093 356 4151 l.
384 4093 479 4151 Amm.
497 4087 764 4162 Marcell.,XV111.
783 4083 786 4090 ⁴

324 4183 354 4242 2.
379 4177 451 4241 Vide
464 4199 495 4260 p.
511 4183 560 4239 att.
