2880 5058
670 378 870 452 -88-

262 543 427 618 tractant,
453 539 493 598 ut
517 526 565 598 de
591 524 835 624 philosophia,
860 523 907 596 de
928 524 1127 624 republica,
1148 523 1272 595 simili·

262 642 413 738 busque.
449 639 558 728 Quod
589 663 665 710 non
689 663 735 709 co
762 637 859 730 dieo,
885 639 947 729 ait,
971 639 1057 737 quia
1080 663 1157 710 non
1182 637 1272 710 illud

262 778 409 854 quoquc
426 751 585 824 solutum
600 751 731 824 habeat
750 775 836 824 suos
855 751 1051 850 quosdam,
1070 767 1107 824 et
1122 752 1270 824 forsitan

262 867 484 940 difficiliores
508 867 616 938 etiam
645 865 779 966 pedes;
810 867 1051 965 nequeenim
1078 881 1140 940 aut
1170 866 1271 940 hiare

266 1007 409 1080 semper
426 980 631 1073 vocalibus,
657 995 719 1052 aut
734 979 878 1052 destitui
899 979 1122 1081 temporibus
1145 979 1272 1054 volunt

267 1120 386 1180 sermo
403 1110 513 1193 atque
529 1094 702 1193 epistola3
729 1094 794 1166 sed
810 1119 885 1166 non
905 1095 1038 1186 fluunt,
1067 1119 1135 1166 nec
1152 1093 1270 1166 cohae·

264 1225 364 1298 rent,
385 1233 454 1280 nee
476 1208 587 1280 verba
604 1207 722 1280 verbis
739 1207 909 1297 trahunt3
935 1223 974 1280 ut
995 1209 1115 1306 potius
1136 1205 1270 1279 laxiora

261 1323 299 1392 in
316 1321 373 1392 his
391 1321 553 1410 vincula,
572 1345 681 1418 qnam
700 1321 799 1394 nulla
814 1322 897 1392 sint.
917 1351 935 1386 a
964 1323 1037 1408 Qui
1059 1321 1269 1408 Quintiliani

261 1436 364 1508 locus
385 1437 521 1535 optime
543 1461 628 1508 cum
656 1437 808 1508 Victoris
833 1434 934 1506 loco¹
954 1433 1110 1507 conlerri
1134 1449 1265 1532 potest,

261 1546 327 1618 ubi
354 1547 400 1618 de
427 1549 586 1647 epistolae
615 1548 774 1620 dictione
793 1547 854 1619 hic
869 1547 1050 1645 professus
1069 1562 1146 1636 est;
1173 1547 1268 1618 idem

262 1663 370 1760 plane
386 1662 609 1734 demonstrat
623 1687 698 1733 non
717 1662 895 1733 minorem
906 1661 1142 1751 Quintiliano,
1159 1684 1267 1757 quarn

262 1774 398 1844 Victori
426 1774 644 1846 vicinitatem
672 1774 789 1846 inesse
811 1773 1104 1846 sermocinationi
1131 1787 1168 1845 et
1193 1774 1267 1872 epi·

260 1885 360 1959 stolis
376 1887 502 1960 videri.

310 2002 451 2073 Victor'
474 1999 643 2099 deinceps
659 2001 893 2099 epistolarum
907 2001 1063 2100 speciem
1086 1999 1266 2099 duplicem

260 2137 338 2184 esse
364 2115 500 2187 statuit.
538 2117 662 2185 «Sunt
690 2115 801 2204 enim,
828 2114 959 2211 inquit,
985 2127 1047 2185 aut
1073 2110 1269 2210 negotiales

260 2241 323 2297 aut
341 2227 578 2299 familiares.»
602 2233 650 2298 Ac
668 2225 801 2298 deinde
827 2228 876 2298 ita
902 2240 1091 2323 utramque
1116 2249 1269 2325 praecep

260 2341 306 2410 tis
324 2340 483 2427 instruit,
496 2355 536 2410 ut
551 2341 587 2409 in
606 2363 735 2434 genere
753 2340 941 2436 negotioso
955 2355 991 2411 et
1005 2339 1117 2434 gravi,
1132 2339 1267 2410 etiamsi

261 2451 419 2522 oratoria
456 2451 607 2547 insignia
640 2451 835 2545 concedat,
868 2452 963 2523 hanc
991 2465 1111 2522 tamen
1142 2475 1268 2550 excep-

259 2565 398 2635 tionem
425 2563 567 2654 atterat,
587 2578 627 2635 ut
646 2563 782 2662 aliquid
810 2564 857 2636 de
885 2563 1035 2635 summis
1067 2562 1180 2661 copiis
1207 2563 1267 2636 de·

260 2676 457 2770 trahamus,
483 2692 519 2750 et
546 2679 747 2750 orationem
772 2678 940 2777 proprius
960 2701 1079 2750 sermo
1101 2677 1262 2775 explicet.

261 2790 450 2870 Declioare
466 2817 613 2890 quoque
637 2793 714 2864 vult
733 2792 920 2892 epistolam
940 2816 962 2863 a
986 2790 1093 2890 plena
1113 2790 1267 2862 formula

260 2903 428 2996 historiae,
449 2905 585 3003 siquid
608 2906 817 2977 historicum
836 2929 877 2978 ea
897 2903 1194 3003 comprehendat,
1221 2929 1265 2976 ne

258 3016 403 3090 recedat
426 3042 449 3088 a
467 3019 587 3090 nativa
605 3019 727 3114 gratia,
752 3033 786 3089 et
802 3019 853 3112 id,
877 3019 914 3090 in
937 3043 1011 3117 quo
1028 3020 1151 3091 omnia
1167 3033 1262 3114 sunt,

256 3130 512 3219 commendat,
544 3161 561 3196 «
578 3157 624 3202 ne
644 3131 795 3204 modum
820 3130 978 3230 epistolae
1001 3155 1261 3231 corrumpas»

259 3247 342 3314 llaec
360 3243 432 3316 sere
449 3245 572 3316 Victor
592 3243 638 3316 de
662 3244 848 3341 negotioso
871 3244 1105 3344 epistolarum
1120 3270 1261 3341 genere.

259 3354 399 3442 Quibus
440 3380 514 3427 non
551 3357 658 3454 longe
689 3358 865 3430 absimilia
894 3373 991 3448 sunt,
1027 3381 1107 3455 quae
1138 3359 1190 3430 sic
1218 3358 1264 3431 ad

259 3471 299 3539 C.
311 3470 506 3542 Curionem
516 3472 640 3543 Cicero
651 3474 822 3570 scripsit⁸:
846 3503 863 3538 a
876 3471 1121 3570 Epistularum
1134 3497 1263 3568 genera

258 3582 371 3654 multa
396 3609 472 3656 csse
496 3609 570 3656 nou
596 3586 763 3682 ignoras:
786 3585 849 3657 sed
872 3609 985 3656 unum
1004 3583 1093 3656 illud
1113 3585 1264 3656 certissi-

259 3718 373 3786 mum,
388 3697 489 3794 cujus
505 3722 611 3770 causa
628 3699 773 3770 inventa
789 3723 845 3771 res
863 3699 940 3797 ipsa
955 3713 1021 3789 est,
1039 3711 1079 3768 ut
1094 3697 1263 3770 certiores

297 3988 326 4042 l.
349 3987 381 4046 C.
398 3989 425 4042 J.
445 3985 554 4058 Victor,
573 4005 635 4064 cap.
658 3990 895 4066 xxv11‚p.lfll.

295 4078 325 4137 2.
347 4074 423 4133 Ibid.
813 4089 816 4098 '

296 4168 324 4227 3.
348 4165 407 4224 Cic.
422 4169 542 4241 Epistol.
562 4170 603 4224 ad
615 4169 729 4236 divers„
745 4169 788 4240 11,
805 4187 847 4227 tv.
