2880 5058
583 387 781 460 ..85-

176 547 316 624 mento,
335 544 371 602 et
387 529 434 603 ad
451 532 619 631 epistolas
646 550 682 610 et
709 536 756 609 ad
781 561 928 612 omnem
954 541 1186 641 scriptionem

175 646 271 718 bene
287 644 401 743 loqui.
424 674 443 714 u
463 651 580 734 Quem
599 664 634 720 et
649 649 757 748 hujus
774 651 900 750 capitis
916 667 952 724 et
969 657 1078 727 totius
1095 681 1185 755 ope·

175 760 225 832 ris
239 757 350 830 finem
365 757 442 830 ltaec
466 759 575 834 verba
593 761 863 860 subsequuntur
883 791 891 834 :
915 793 932 832 «t
954 765 1104 864 Explicit
1122 774 1185 842 Ars
1292 791 1295 797 '

176 869 368 944 Rhetorica
385 875 425 942 C.
446 872 528 944 Julii
542 875 694 947 Victoris
713 875 859 948 feliciter
874 882 1114 974 Hermagorae,
1126 881 1185 953 Ci-

174 983 332 1072 ceronis,
343 982 568 1076 Quintiliani,
581 989 710 1084 Aquili,
722 990 981 1079 Marcomanni,
994 991 1150 1065 faciani.
1166 1024 1183 1060 a

173 1139 177 1148 ·
223 1093 542 1182 Quemadmodum
575 1097 622 1168 de
656 1123 841 1189 sermone,
875 1101 923 1173 ita
951 1099 996 1173 de
1027 1103 1186 1200 epistolis

173 1208 341 1306 quaedam
351 1208 490 1280 ratione
503 1211 606 1282 etvia
617 1212 756 1308 primus
766 1214 976 1284 Latinorum
984 1212 1183 1309 rhetorum,

174 1345 269 1418 quos
296 1319 443 1417 quidem
471 1345 745 1417 cognoscamus,
763 1324 887 1395 Victor
904 1325 1111 1422 praecepisse
1129 1325 1185 1397 di·

173 1434 312 1506 cendus
330 1449 396 1524 est,
415 1436 498 1532 quia
518 1435 611 1506 illius
627 1448 727 1508 aetate
754 1461 828 1507 oon
849 1438 886 1508 in
905 1438 1047 1508 minore
1061 1439 1182 1536 pretio

173 1562 210 1619 et
240 1545 407 1644 usu,vel
435 1545 532 1644 apud
555 1546 719 1620 ethnicos
746 1547 801 1621 vel
826 1549 926 1647 apud
954 1549 1181 1644 christianos,

175 1660 560 1758 quamsermocinatic,
576 1661 674 1733 varia
683 1660 914 1760 epistolarum
927 1687 1057 1760 genera
1071 1664 1187 1736 incre·

172 1771 341 1846 buerant.
355 1777 539 1860 Quantum
556 1774 666 1862 enim,
679 1788 718 1845 ut
734 1799 841 1871 supra
860 1774 1027 1865 diximuS,
1048 1777 1186 1873 species

174 1907 303 1960 omnes
320 1911 412 1959 verae
430 1901 466 1959 et
483 1887 628 1959 excelsae
647 1886 859 1983 eloquentiae
877 1911 1101 1985 paganorum
1118 1888 1187 1962 ho-

173 2001 316 2072 minum
346 2000 497 2073 societas
513 2016 575 2072 aut
592 2002 757 2072 amiserat
778 2016 839 2073 aut
856 2016 1086 2100 corruperat,
1108 2016 1186 2074 tan·

173 2129 252 2186 tum
281 2129 343 2186 aut
371 2114 530 2186 utilitatis
555 2129 617 2186 aut
639 2115 873 2210 jucunditatis
890 2129 952 2186 aut
968 2116 1186 2188 necessitatis

173 2226 286 2324 gratia
317 2225 476 2326 epistolae
508 2227 566 2298 vel
595 2227 789 2324 negotiales
820 2228 876 2300 vel
902 2228 1090 2300 familiares
1121 2227 1187 2324 (ut

174 2339 331 2411 Victoris
359 2339 536 2412 divisione
557 2342 672 2438 utar),
700 2341 848 2439 singulis
878 2340 1004 2414 diebus
1031 2357 1067 2413 et
1091 2341 1186 2413 inter

176 2453 413 2552 imperatores
423 2455 733 2553 magistratusque,
746 2471 782 2528 et
791 2457 883 2528 inter
896 2455 1056 2530 eruditos
1070 2456 1181 2546 viros,

174 2565 278 2638 sicuti
292 2567 490 2638 Ausonium
507 2581 543 2638 et
559 2568 830 2664 Symmachum,
843 2584 878 2640 et
895 2570 988 2640 inter
1003 2569 1185 2668 principes

176 2678 423 2777 litteratosque
437 2679 636 2774 homines¹,
656 2697 693 2752 et
706 2683 799 2754 inter
819 2705 1068 2779 quoscumque
1092 2681 1185 2752 ami·

177 2817 242 2865 cos
255 2791 420 2866 adhiberi
435 2791 610 2865 solebant.
625 2799 746 2891 ltaque
758 2818 872 2891 quum
890 2795 1007 2864 omnis
1025 2793 1098 2865 fere
1109 2794 1187 2890 jam

173 2905 317 2978 occasio
342 2905 552 2978 sublimitati
574 2904 719 2978 dicendi
738 2905 832 3003 apud
850 2929 1010 3004 paganos
1031 2905 1183 2994 deesset,

173 3043 218 3092 ac
229 3033 304 3091 tota
317 3044 432 3118 prope
446 3020 658 3117 eloquentiae
673 3018 884 3115 magnitudo
898 3034 934 3090 et
946 3018 1076 3090 veritas
1088 3018 1186 3117 apud

174 3132 389 3204 christianos
408 3131 576 3205 translata
591 3148 698 3223 esset;
714 3158 829 3230 quum
841 3132 1028 3204 rarissimis
1043 3133 1084 3204 iis
1097 3147 1187 3204 tem-

173 3270 307 3338 porum
318 3247 510 3317 momentis
526 3246 656 3342 quibus
669 3271 706 3318 se
718 3244 906 3344 paululum
918 3244 1066 3316 dilatare
1082 3258 1184 3341 pote·

173 3373 230 3428 rat
241 3357 468 3430 ethnicorum
479 3358 671 3431 hominum
684 3357 808 3446 dicti0,
822 3358 920 3430 velut
934 3357 992 3428 die
1002 3381 1076 3454 quo
1086 3359 1187 3452 Sym·

175 3470 326 3543 machus
338 3472 504 3544 Victoriae
515 3486 668 3544 statuam
682 3472 718 3542 in
733 3485 860 3544 senatu
877 3470 1091 3542 servandam
1109 3493 1186 3541 esse

176 3585 329 3672 censuit,
350 3585 551 3658 christianae
572 3585 747 3657 facundiae
762 3585 815 3656 vis
841 3599 877 3655 et
904 3585 1096 3656 auctoritas
1121 3599 1188 3681 pe‘r

171 3694 407 3776 ,Ambrosium
430 3699 633 3795 Symmachi
650 3698 863 3796 elegantiam
881 3696 1071 3786 obrueret,
1089 3719 1187 3767 nunc

96 3819 99 3825 '
176 3809 329 3881 Rotnani
346 3810 487 3908 imperii
506 3837 626 3882 rerum
649 3811 886 3909 gerendarum
909 3807 1096 3907 quoddam
1120 3830 1185 3905 per

171 3975 178 3982 ¹
216 4001 247 4056 l.
269 3995 325 4054 Adi
338 3996 415 4054 inter
431 3990 551 4071 hujusce
567 3999 681 4080 generis
695 3997 846 4079 epistolas,
861 4017 925 4055 earn
939 4015 1027 4074 quam
1041 3991 1186 4086 honorili-

171 4085 349 4146 'centissimis
373 4085 471 4145 verbis
494 4087 530 4146 ad
554 4089 714 4149 Ausonium
741 4086 921 4146 Theodosius
943 4085 1040 4144 senior
1059 4081 1185 4162 scripsit.

176 4176 275 4250 (Inter
283 4181 395 4236 Auson'.
408 4181 605 4255 Epigramm.)
