2880 5058
496 946 678 1040 CAPUT
709 953 785 1042 lV.

209 1337 232 1419 S
246 1343 276 1398 l.
293 1338 431 1398 Omnium
445 1358 510 1418 quae
523 1358 612 1418 supra
626 1338 751 1400 diximus
763 1339 853 1402 breve
867 1347 1067 1414 summarium.

183 1635 245 1708 llla
257 1638 300 1708 sit
313 1635 415 1708 tertia
425 1648 458 1706 et
477 1634 598 1706 ultima
617 1636 835 1732 generalium
852 1641 1137 1745 conclusionum,

134 1776 223 1850 quas
244 1750 352 1822 tertiae
372 1749 490 1847 operis
508 1750 621 1821 nostri
637 1751 749 1847 parti,
775 1749 820 1823 de
843 1759 1143 1838 sermocinatione

134 1889 175 1936 ac
193 1864 238 1934 de
259 1862 416 1961 epistolis
437 1861 630 1950 inchoatae,
658 1861 919 1958 subjunximus.
948 1871 1042 1943 Nihil
1065 1877 1142 1972 jam

133 1978 238 2050 nobis
256 1977 522 2049 conficiendum
539 1990 717 2072 superest,
745 1989 783 2046 ut
807 1979 1012 2054 universam
1038 1989 1144 2064 nobis

133 2091 346 2164 destinatam
382 2088 662 2186 disputationem
696 2087 973 2185 absolverimus,
1004 2099 1070 2170 nisi
1104 2119 1150 2176 ut·

132 2229 242 2304 quam
274 2187 480 2274 brevissime
513 2202 634 2272 omnia
667 2216 871 2298 repetamus
887 2220 923 2276 et
938 2217 1143 2288 summatim

131 2319 353 2415 colligamus,
369 2315 499 2415 quibus
516 2331 591 2388 tum
608 2317 770 2413 quaedam
790 2320 924 2416 praefati
949 2349 1073 2400 sumus
1096 2331 1143 2404 de

132 2435 290 2522 Victore,
303 2446 380 2502 tum
390 2446 460 2502 tres
468 2429 632 2528 opusculi
644 2429 739 2502 illins
746 2447 864 2528 partes
874 2435 1138 2534 explicavimus.

131 2551 214 2618 Haec
230 2547 377 2645 quidem
395 2546 459 2616 erit
473 2559 600 2641 quarta
613 2558 647 2616 et
662 2543 786 2616 ultima
804 2545 879 2639 ejus
889 2547 964 2644 jam
975 2540 1142 2648 praenun.

132 2661 217 2730 tiata
234 2683 329 2757 pars,

179 2772 300 2841 Totius
334 2769 452 2866 operis
485 2766 598 2838 nostri
624 2766 747 2857 initio,
778 2767 932 2842 diximus
954 2781 1141 2870 quomodo

132 2885 289 2981 primum
322 2883 360 2953 in
395 2881 510 2952 lucem
539 2894 631 2952 esset
658 2880 773 2952 editus
804 2883 954 2955 Victoris
980 2886 1083 2980 liber,
1105 2908 1142 2965 et

130 2995 325 3102 quibusda
343 2996 457 3067 causis
475 2993 638 3092 quaedam
656 2995 703 3065 ad
723 2993 822 3066 hunc
838 2998 1040 3093 attinentia,
1058 3022 1141 3102 post

131 3110 409 3182 eruditissimum
428 3110 545 3180 virum
561 3108 711 3197 Maium,
732 3107 914 3208 disputare
936 3137 1011 3186 non
1034 3117 1139 3194 nobis

129 3225 255 3296 inutile
272 3224 463 3295 videretur.
485 3221 624 3294 Deinde
640 3222 772 3294 Maium
790 3227 919 3317 secuti,
934 3228 1139 3324 probabiles

128 3337 353 3434 conjecturas
367 3336 412 3408 de
426 3334 578 3406 rhetoris
595 3338 709 3406 nostri
723 3338 851 3432 patria,
868 3339 990 3434 stirpe,
1009 3366 1086 3415 aevo
1103 3363 1139 3420 et

128 3450 273 3521 vivendi
292 3473 420 3546 genere
434 3447 632 3519 retulimus.
653 3451 798 3538 Postea,
819 3472 861 3518 ex
881 3449 1040 3546 ejusdem
1055 3478 1138 3529 auc·

130 3565 270 3636 toritate
288 3564 337 3634 ita
353 3561 399 3633 de
414 3559 618 3633 rhetoribus
630 3584 785 3656 quorum
803 3559 870 3631 sibi
886 3579 1063 3668 praecepta
1078 3592 1137 3639 as·
1225 3652 1238 3678 ⁹

128 3678 280 3776 sumpsit
294 3677 417 3749 Victor
432 3674 543 3747 locuti
559 3699 703 3765 sumus,
729 3687 768 3744 ut
789 3697 902 3771 pauca
925 3675 972 3747 de
996 3680 1135 3776 Aquilio

127 3806 190 3864 aut
214 3791 332 3888 potius
360 3787 505 3888 Aquila,
538 3787 584 3858 de
605 3791 886 3877 Marcomanno,
913 3787 959 3858 de
986 3791 1134 3866 Tatiano

127 3920 188 3977 aut
210 3904 330 4002 potius
353 3903 517 3994 Titioue,
546 3925 587 3970 ac
613 3898 657 3971 de
679 3901 897 3994 Hermagora
919 3898 1131 3980 diceremus,

127 4022 340 4092 Ciceronem
356 4040 441 4088 vero
456 4011 773 4102 etQuintilianum,
785 3999 875 4109 quos
888 4016 1012 4110 magis,
1025 4041 1135 4114 quam
1158 4037 1162 4045 '

128 4148 267 4218 ceteros
283 4130 363 4202 illos
379 4126 524 4201 dicendi
539 4128 745 4224 magistros,
758 4129 798 4197 C.
810 4125 923 4198 Julius
939 4124 1063 4200 Victor
1078 4155 1133 4204 se·
1208 4143 1212 4150 '

975 4244 1013 4299 ld
