2880 5058
677 317 876 390 ..93-

270 476 393 566 torias,
416 497 481 546 scu
494 472 637 568 jocosas
656 483 692 540 et
706 465 909 554 familiares,
929 491 991 537 seu
1010 467 1176 540 moestitia
1191 491 1279 566 qua·

271 583 355 662 dam
364 585 518 662 dolentis
530 581 639 656 animi
650 581 1208 680 penitusimpressas,seulcviter
1218 582 1279 655 de·

271 716 464 796 centerque
482 691 760 792 objurgatoria,
779 717 842 764 seu
864 693 1054 766 carissimis
1075 695 1200 766 amicis
1220 693 1280 770 rel

272 838 337 887 sua
351 835 462 884 manu
477 809 535 881 vel
554 808 752 906 plurimum
773 806 1001 905 subscriptas,
1014 833 1076 879 seu
1090 832 1280 882 commen-

273 925 415 1000 datitias
436 920 639 995 incredibili
664 917 776 991 modo
793 919 957 1006 variatas,
977 945 1039 992 seu
1059 946 1170 1016 graece
1191 922 1280 1018 qui-

272 1038 427 1112 busdam
446 1035 586 1136 scriptis
602 1047 638 1107 ct
660 1031 861 1132 proverbiis
878 1033 1095 1131 tempestivis
1118 1049 1154 1106 et
1172 1036 1280 1118 versi·

274 1152 362 1224 culis
391 1143 581 1248 inspersas,
611 1172 676 1218 seu
692 1145 877 1218 vocabulis
896 1147 963 1218 illis
988 1162 1280 1240 convenustntas,

274 1264 406 1363 quibus
417 1261 517 1360 quasi
529 1274 741 1360 praesentem
758 1257 953 1356 alloquitur
964 1262 1134 1353 amicum,
1149 1263 1280 1360 episto·

273 1377 326 1448 las
336 1367 461 1448 Cicero
470 1373 614 1463 scribat,
629 1371 764 1470 ubique
780 1371 974 1470 perfectam
992 1374 1089 1446 illam
1107 1375 1281 1473 epistola-

274 1492 322 1562 ris
345 1489 467 1560 lormae
487 1487 638 1582 gratiam
662 1485 874 1582 assequitur,
893 1511 1002 1584 quarn
1024 1487 1091 1558 sibi
1114 1486 1280 1584 pulcher·

275 1604 404 1673 rimam
422 1599 560 1696 generis
578 1593 671 1669 illius
689 1597 872 1670 scribendi
887 1599 1041 1699 speciem
1057 1615 1139 1671 ante
1156 1599 1284 1672 oculos
1347 1608 1351 1615 ’

279 1717 399 1788 Victor
411 1713 550 1784 habuit.
568 1712 701 1800 Quinta
715 1709 873 1810 denique
889 1728 1011 1786 nostra
1026 1713 1228 1785 observatio
1245 1713 1281 1784 in

276 1826 417 1899 duabus
429 1825 675 1898 iissententiis¹
686 1827 835 1924 paulum
845 1827 1106 1918 immorabitur,
1117 1852 1197 1924 quae
1207 1851 1285 1898 non

255 1947 261 1956 '
277 1941 397 2013 minus
410 1939 563 2011 rhetoris
582 1936 695 2010 nostri
711 1941 832 2011 animo
845 1954 881 2010 ct
892 1942 1042 2038 pectori,
1056 1964 1166 2038 quam
1179 1940 1282 2034 inge-

277 2055 341 2125 nio
352 2070 388 2125 et
399 2051 694 2150 judiciolronoris
708 2047 878 2143 aflerant3
893 2053 965 2123 sive
978 2053 1054 2124 illas
1069 2053 1163 2124 ultro
1177 2076 1283 2124 exco-

278 2166 453 2265 gitaverit,
480 2166 555 2237 sive
581 2162 627 2235 ab
650 2163 721 2235 alio
746 2180 891 2237 auctore
914 2167 1100 2237 translatas
1121 2166 1159 2236 in
1177 2191 1281 2236 suurn

279 2306 371 2379 opus
394 2276 590 2350 traduxerit
612 2292 647 2349 et
672 2271 740 2348 sibi
765 2279 862 2350 velut
882 2279 1065 2376 propriam
1089 2277 1282 2376 quamdam

278 2391 542 2490 possessionem
568 2391 809 2486 assumpserit.
836 2395 997 2478 Quarum
1022 2390 1142 2488 priore
1166 2391 1280 2462 dicit:

283 2507 440 2591 «Quum
472 2495 635 2573 ollendas
661 2498 863 2593 dolentem,
882 2496 1053 2600 ,pauculis
1081 2504 1283 2594 consolare,

280 2615 379 2715 quod
395 2615 494 2687 ulcus
510 2616 616 2686 etiarn
631 2637 713 2686 cum
727 2615 834 2713 plana
848 2641 956 2685 manu
975 2617 1144 2711 tangitur,
1158 2642 1284 2688 cruen-

280 2739 391 2820 tatur3
413 2757 431 2797 u
451 2730 649 2827 posteriore
666 2746 809 2801 autem:
835 2757 852 2796 «
873 2727 924 2799 lta
941 2729 978 2799 in
996 2723 1119 2801 litteris
1139 2755 1224 2802 curn
1241 2731 1285 2802 fa·

280 2837 476 2914 miliaribus
498 2840 612 2934 ludes,
634 2857 673 2914 ut
698 2857 817 2914 tamen
843 2843 976 2940 cogites
1000 2863 1105 2942 posse
1127 2845 1285 2932 evenire,

280 2967 322 3024 ut
338 2980 396 3024 eas
419 2955 553 3026 litteras
576 2957 696 3052 legant
718 2970 880 3054 tempore
905 2953 1073 3028 tristiore.
1097 2987 1114 3024 n
1134 2954 1186 3030 Ea
1204 2973 1288 3028 sunt

282 3059 536 3134 sententiarum
557 3061 693 3136 lumina
716 3061 848 3162 quibus
872 3092 1149 3164 nonnunquam,
1172 3063 1288 3140 rarius

282 3191 414 3266 tamen,
430 3197 540 3272 quam
549 3177 716 3269 decebat,
730 3176 884 3251 Victoris
895 3173 1016 3275 ecloge
1027 3179 1211 3252 illustrata
1220 3180 1289 3252 dis·

281 3289 466 3386 tinguitur.
486 3291 619 3382 Victor,
633 3306 675 3362 ut
688 3317 731 3362 ex
744 3316 867 3364 earum
887 3293 1005 3391 priore
1019 3307 1183 3392 apparet,
1196 3317 1290 3391 pro-

282 3399 340 3474 cul
359 3402 458 3474 abest
478 3397 523 3476 ab
544 3405 642 3476 inani
659 3399 726 3477 isto
747 3403 942 3477 verborum
960 3403 1050 3477 fastu
1073 3431 1146 3503 quo
1163 3398 1291 3498 Stoici,

283 3541 356 3615 quo
378 3519 513 3589 Seneca
528 3516 551 3611 ¹,
572 3545 646 3616 quo
668 3511 846 3618 Sulpicius
865 3519 876 3557 ³
897 3514 1107 3591 Ciceronem
1133 3518 1291 3590 amicum

283 3626 329 3699 de
350 3641 466 3701 morte
492 3627 612 3703 Tulliae
640 3625 819 3703 consolari
841 3644 999 3722 tentans,
1027 3656 1100 3728 quo
1126 3645 1290 3703 veterum

323 3829 354 3885 t.
376 3827 408 3885 C.
424 3830 452 3888 J.
467 3827 559 3900 viee,
576 3845 639 3906 cap.
655 3845 755 3905 xxm,
771 3849 801 3907 p.
817 3827 887 3890 195.

324 3917 353 3975 2.
374 3919 489 3988 Senec,
502 3921 543 3974 ad
555 3921 701 3991 Helvium,
722 3921 763 3975 ad
775 3919 937 3993 Polybium,
952 3923 995 3977 ad
1005 3923 1148 3978 Marciam
1162 3921 1289 3977 consola-

283 4006 430 4062 tiones.—
444 4007 534 4085 Epist.
553 4029 637 4067 nxnr.
653 4029 732 4070 xcix.

323 4095 353 4157 3.
375 4095 483 4175 Sulpic.
500 4096 579 4176 apud
591 4097 651 4160 Cic.
666 4095 759 4173 Epist.
774 4099 817 4154 ad
827 4095 927 4158 divers.
944 4095 999 4174 lv,
1015 4114 1045 4162 v.
