2866 5056
581 347 778 420 ...43-

173 495 383 585 deterreret,
401 515 532 594 nempe
547 491 695 566 forsitan
708 518 751 566 ex
762 493 936 568 industria
947 500 1179 598 panegyricas

173 607 260 682 ideo
275 608 452 680 orationes
465 631 553 698 esse,
568 607 604 679 in
619 607 681 680 illo
692 608 844 682 Victoris
854 608 935 682 libri
946 610 1042 706 loco,
1061 612 1110 686 ob
1122 615 1179 688 ni·

171 721 283 796 miam
297 718 467 794 laudandi
484 718 666 792 lasciviam
683 721 937 820 reprehensas,
955 726 1055 823 quod
1070 726 1178 824 hujus

171 847 274 908 etate
287 835 324 907 in
336 834 461 906 Galliis
474 859 602 906 eorum
610 833 801 906 bominum
811 837 1132 931 genusabundaret
1140 853 1178 914 et

171 948 275 1045 quasi
291 946 495 1046 pullularet,
518 947 581 1044 qui
597 947 794 1018 oratoriam
809 946 1004 1022 dictionem
1019 953 1175 1048 pessimo

167 1058 370 1158 praedicatis
399 1074 542 1132 tumore
575 1056 742 1131 laudibus
778 1059 1040 1159 depravarent?
1071 1064 1177 1138 Unde

167 1170 314 1246 infirma
338 1171 617 1246 adolescentium
631 1172 777 1268 judicia,
794 1187 830 1246 et
847 1174 1022 1272 imprimis
1035 1174 1178 1271 juvenis

165 1283 262 1358 illius
285 1286 386 1382 cujus
403 1287 514 1382 gratia
534 1284 748 1358 Rhetoricen
765 1286 1011 1384 composuisse
1026 1310 1107 1360 eam
1122 1288 1176 1362 vi·

166 1396 287 1491 detur,
305 1398 502 1496 plurimum
518 1397 642 1470 damni
660 1412 696 1468 et
712 1397 908 1470 insanabile
928 1398 1064 1471 malum
1079 1401 1178 1474 aeci-

165 1535 253 1610 pere
280 1525 462 1610 poterant.
488 1511 559 1584 Sed
585 1509 661 1582 haec
689 1510 896 1607 conjectura
920 1513 1175 1606 tantummodo

165 1638 231 1698 est.
251 1623 360 1712 Quod
382 1639 502 1698 autem
515 1649 583 1724 pro
601 1639 699 1696 certo
717 1623 850 1697 babere
865 1622 1050 1717 debemus,
1065 1625 1103 1698 id
1121 1641 1176 1702 est

165 1735 360 1829 fastidium,
375 1762 448 1836 quo
459 1738 594 1836 ubique
605 1739 786 1811 constanti
797 1739 920 1810 animo
929 1739 1052 1812 Victor
1064 1764 1175 1814 novo-

164 1874 248 1924 rum
262 1852 407 1926 dicendi
424 1851 677 1950 scribendique
691 1867 726 1923 et
743 1875 916 1948 generum
933 1866 969 1924 et
984 1868 1180 1928 auctorum
1201 1897 1208 1910 ·

164 1966 327 2064 exempla
342 1964 503 2062 neglecta
517 1964 763 2064 praetermittit.
950 2051 955 2060 ¹

213 2079 403 2152 Contraria
431 2102 517 2150 vem
548 2078 688 2150 ratione
707 2075 753 2148 ad
769 2100 812 2148 ea
829 2075 982 2148 libenter
998 2078 1174 2150 memoria

163 2191 330 2282 recurrit,
352 2215 432 2288 quae
448 2190 631 2262 veterrimi
645 2187 703 2262 vel
721 2190 967 2260 Romanorum
981 2187 1171 2286 scriptores

163 2302 407 2402 suppeditant.
427 2307 550 2402 Itaque
567 2301 613 2374 ab
629 2303 708 2402 ipso
727 2302 846 2402 operis
863 2300 965 2372 initio
978 2303 1000 2392 ¹,
1022 2325 1096 2398 quo
1112 2301 1168 2372 in·

162 2418 342 2492 ventionis
364 2416 459 2515 leges
479 2415 681 2510 exorditur,
701 2415 846 2488 Catonis
873 2427 1110 2514 preceptum,
1130 2428 1172 2489 ut

162 2530 226 2626 ait,
238 2557 340 2630 paene
358 2531 535 2623 divinum,
550 2528 709 2623 adducit,
724 2529 825 2628 quod
841 2529 972 2602 Maius’
985 2543 1169 2628 sumptum

162 2667 184 2717 e
200 2644 295 2718 libro
313 2645 359 2718 de
374 2648 539 2736 Oratore,
552 2667 660 2740 quem
678 2657 882 2714 memorant
891 2642 1001 2742 prisci
1016 2641 1166 2741 aliquot,

161 2759 374 2858 suspicatur,
386 2757 558 2856 quodque
566 2755 634 2828 hac
643 2770 806 2828 veterum
814 2755 987 2827 brevitate
995 2756 1169 2854 scriptum

162 2867 213 2943 ita
235 2893 257 2942 a
281 2871 425 2944 Victore
448 2867 743 2942 nostrorelettur
767 2891 775 2939 ε
799 2894 818 2935 u
838 2869 925 2964 Rern
943 2879 1041 2956 tene,
1056 2865 1168 2940 verbe

161 2997 369 3080 sequentur.
385 3011 403 3052 a
422 2982 530 3072 Quod
546 2982 695 3080 quidem
710 2981 888 3082 deperditi
899 2979 1170 3079 librili-agmen·

161 3107 255 3184 tum,
275 3095 320 3168 ab
336 3095 431 3169 illius
452 3097 519 3168 riri
537 3096 680 3194 ingenio
698 3095 915 3196 profectum,
939 3095 1002 3194 qui
1019 3095 1177 3170 fortasse.

161 3205 312 3301 ibidem,
324 3209 592 3308 praeclmissima
600 3208 809 3282 definitione
818 3234 915 3300 usus,
928 3222 1110 3282 oratorem
1118 3211 1170 3282 vi·

159 3344 247 3394 rum
260 3322 402 3396 bonum
418 3347 498 3396 esse
510 3323 655 3396 dicendi
668 3325 823 3422 peritum
841 3325 1041 3423 scripserat,
1061 3321 1170 3394 nobis
1250 3305 1254 3314 ’

159 3433 237 3508 sine
253 3437 407 3509 Victoris
423 3459 532 3534 opere
551 3436 714 3532 ignotum
731 3437 905 3535 periisset.
925 3440 970 3506 Et
982 3449 1103 3508 tamen
1122 3458 1167 3508 eo

159 3549 349 3646 pretiosius
367 3548 645 3622 existimandum
673 3563 742 3641 est,
773 3547 873 3648 quod
899 3547 985 3620 inde
1013 3547 1168 3648 perspici

158 3659 242 3735 licet
259 3661 566 3762 quemadmodum
593 3663 746 3761 praecisae
761 3661 869 3760 hujus
884 3659 1068 3734 brevitatis
1085 3683 1166 3734 sen·

161 3797 242 3849 sum
258 3774 390 3872 deipde
406 3775 495 3848 varii
506 3776 714 3875 scriptores,
734 3801 776 3850 ac
790 3775 1006 3876 parentant
1020 3774 1163 3869 Cicero,

198 3964 229 4026 t.
250 3936 649 4042 c.1.viet.‚cep.e'‚p..e.

198 4051 228 4110 2.
253 4051 419 4125 Ibid.,not.
434 4052 464 4109 Ξ.

199 4144 229 4204 ³.
253 4143 312 4204 Cic.
330 4145 368 4202 de
381 4143 510 4214 Oratore,
523 4141 554 4212 1,
571 4143 608 4215 63
622 4141 651 4211 1,
665 4141 794 4213 tt3111„
811 4141 915 4200 tet.
