2866 5056
654 367 849 440 ..16-

246 518 357 620 perit,
389 519 483 589 Maio
503 517 740 589 assentiamur
763 512 946 614 profitenti
976 539 1124 613 prorsus
1152 540 1251 589 com-

248 631 411 704 mendari
423 629 573 701 Victoris
590 627 817 724 dignitatem,
838 625 892 698 vel
909 625 958 698 ob
977 628 1049 699 dua
1073 643 1254 727 postrema

249 759 418 818 tractatus
436 744 564 844 capita.
591 745 644 812 De
661 739 791 838 quibus
804 739 904 838 plura
922 755 1046 838 postea
1063 741 1252 839 explanare

248 858 477 930 tentabimus.
501 862 603 926 Nunc
620 869 740 926 autem
756 853 924 944 breviter,
947 869 985 925 ut
1003 879 1144 940 necesse
1163 870 1250 950 erat,

252 971 402 1042 Victoris
416 968 620 1042 Rhetorices
632 966 862 1039 materiarum
877 965 1004 1037 ordine
1017 967 1192 1064 exposim,
1211 993 1254 1042 ea

248 1082 404 1182 primum
427 1082 464 1152 in
481 1080 562 1152 luce
580 1079 757 1151 collocare
774 1093 811 1150 et
824 1078 1020 1175 dijudicare
1039 1079 1254 1152 conabimur

248 1221 326 1294 quae
340 1210 375 1267 et
386 1192 572 1291 quomodo
584 1191 867 1288 ahHermagora‚
879 1193 1095 1285 aCicerone‚
1108 1217 1128 1266 a
1141 1196 1254 1282 Quin·

248 1310 372 1381 tiliano
387 1309 456 1378 sibi
471 1321 594 1377 mutua
608 1307 969 1403 assumpseritVietor
982 1319 1017 1376 et
1027 1307 1193 1378 translata
1206 1306 1253 1379 ad

248 1444 341 1518 opus
364 1445 469 1490 suum
497 1417 844 1512 accommodaverit,
870 1419 917 1490 ita
938 1432 1058 1490 tamen
1084 1415 1128 1490 de
1152 1420 1254 1490 omni

249 1557 357 1630 quam
373 1531 479 1604 nobis
489 1533 743 1632 proposuimus
757 1557 795 1604 re
807 1533 984 1632 scripturi,
1000 1545 1039 1604 ut
1053 1531 1257 1604 meminerit

247 1645 361 1718 lector
370 1670 436 1716 nos
446 1669 519 1716 non
536 1671 578 1717 ex
588 1645 748 1744 professo
762 1643 1035 1742 quodammodo
1051 1659 1163 1716 artem
1178 1669 1254 1718 esse

232 1762 439 1858 ¹docturos,
466 1763 530 1835 sed
548 1762 633 1835 inde
650 1789 691 1835 ea
708 1777 847 1834 tantum
866 1777 1096 1860 excerpturos
1112 1788 1190 1860 quae
1206 1763 1254 1835 ad

249 1876 403 1948 rhetoris
429 1877 542 1947 nostri
568 1901 631 1949 seu
657 1876 892 1968 imitationes,
918 1901 981 1946 seu
1002 1875 1168 1963 virtutes,
1190 1901 1253 1948 seu

249 1990 345 2081 vitia,
365 2014 427 2060 seu
444 1988 543 2059 utilia
555 2003 590 2061 et
606 2014 702 2061 nova
720 2004 755 2060 et
769 1989 1001 2062 annotatione
1012 1987 1120 2085 digna
1133 2014 1253 2060 exem·

249 2100 308 2198 pla
317 2099 792 2198 commonstrandaprosint.
809 2105 932 2196 ltaque
943 2125 988 2171 ne
1000 2099 1081 2197 plus
1091 2101 1254 2172 minusve

249 2212 563 2308 anobislegenteS‚
573 2237 682 2309 quam
692 2212 1022 2312 quodpollicemur,
1033 2228 1252 2311 exspectent,

249 2338 284 2396 et
303 2339 354 2411 ut,
376 2325 584 2423 priusquam
603 2323 792 2396 nobiscum
808 2341 1014 2424 susceptum
1030 2350 1049 2396 a
1067 2324 1172 2397 nobis
1187 2327 1255 2397 iter

248 2435 509 2532 ingrediantur,
529 2436 720 2534 perspicuo
742 2437 819 2508 visu
844 2452 1049 2510 recenseant
1071 2462 1252 2535 quaecum-

249 2571 320 2645 que
332 2548 571 2620 collustraturi
580 2574 718 2643 sumus,
732 2549 770 2622 id
782 2549 849 2622 sibi
860 2575 1069 2649 persuasum
1081 2549 1251 2643 habeant,

247 2686 316 2732 nos
342 2661 431 2732 nilril
453 2661 549 2733 aliud
579 2687 656 2734 csse
681 2663 863 2754 enisurus,
887 2664 954 2736 uisi
974 2678 1015 2734 ut
1034 2663 1152 2762 primo
1171 2663 1253 2738 loco

248 2775 431 2847 Victorem
458 2800 543 2847 cum
571 2780 790 2873 Hermagora
816 2792 852 2848 et
875 2777 1049 2876 imprimis
1073 2777 1187 2848 Tullio
1217 2792 1254 2850 et

248 2888 361 2960 Fabio
384 2889 632 2980 conseramus3
651 2889 811 2963 secundo
833 2892 951 2990 ipsum
968 2916 1033 2989 per
1046 2915 1084 2964 se
1100 2892 1253 2964 Victoris

248 2998 380 3072 librum
405 3001 569 3071 omnies
594 3016 693 3099 parte
722 3004 919 3097 generatim
944 3003 1250 3102 introspiciamus,

248 3111 346 3183 unde
367 3137 460 3185 nova
488 3112 652 3210 quoedam
670 3139 737 3187 nec
753 3114 890 3188 inutilia
908 3117 1058 3189 existere
1076 3116 1252 3188 videbun·

249 3240 326 3312 tur;
340 3227 446 3298 tertio
462 3227 686 3325 peculiariter
702 3243 737 3300 et
754 3229 863 3300 fusius
875 3230 912 3300 in
929 3230 970 3300 iis
987 3254 1253 3303 commoremur

248 3363 327 3436 quae
343 3340 478 3438 primus
496 3366 538 3412 ex
556 3341 688 3413 Latinis
700 3342 846 3440 quidem
863 3342 1067 3416 rhetoribus
1083 3345 1118 3416 in
1134 3344 1252 3416 lucem

248 3452 351 3524 editis
366 3447 412 3526 de
425 3455 725 3528 sermocinatione
737 3457 861 3530 Victor
877 3473 914 3532 et
928 3457 1085 3556 epistolis
1102 3481 1251 3556 compo·

247 3565 318 3634 suit
341 3580 375 3637 et
392 3591 470 3664 quae
487 3582 563 3638 tum
584 3566 688 3661 inde,
703 3584 782 3641 tum
799 3595 841 3642 ex
860 3572 1028 3642 universo
1050 3570 1125 3659 eius
1142 3595 1251 3669 opere

248 3679 458 3771 generaliter
476 3679 593 3777 colligi
613 3697 780 3780 possunt3
798 3698 926 3780 quarto
940 3697 1058 3755 autem
1074 3697 1109 3755 et
1124 3683 1251 3755 ultimo

247 3813 481 3888 quaecumque
504 3789 675 3888 paulatim
701 3807 883 3886 annotata,
909 3819 930 3866 a
952 3796 1106 3894 suscepti
1133 3795 1251 3894 operis

246 3900 426 4000 principio
436 3901 482 3973 ad
493 3900 615 3996 finem,
631 3906 960 4004 conscripserimus,
972 3932 1016 3981 ea
1031 3909 1153 3981 omnia
1168 3907 1251 3980 bre·

246 4011 337 4086 viter
353 4003 555 4111 repetamus
572 4029 608 4087 et
624 4015 896 4092 concludamus.

669 4203 829 4221 m
