2880 5058
567 415 618 437 ...
643 378 684 452 st
715 416 767 436 ...

161 548 242 598 rtrm
261 524 367 598 unice
380 523 591 620 admirator,
606 525 774 628 epistolas
786 543 925 602 veteres
938 544 974 601 et
990 531 1027 604 in
1043 532 1169 632 primis

159 637 338 712 Tullianas
364 640 607 712 commendat.
636 641 707 714 Sed
728 667 812 715 mox
843 644 946 743 plura
974 644 1020 717 de
1049 647 1107 720 illa
1129 673 1169 722 re

161 751 342 842 dicemus,
362 777 476 849 quum
500 777 543 826 ea
563 755 782 852 attigerimus
797 780 877 854 quae
899 756 945 829 de
970 759 1129 856 epistolis
1146 785 1169 836 a

159 863 304 934 Victore
320 863 450 962 scripta
468 880 563 938 sunt.

209 983 321 1050 Antea
338 991 457 1058 autem
481 1004 594 1077 pauca
610 982 652 1054 iis
670 981 890 1081 opponenda
909 998 993 1054 sunt
1010 987 1074 1083 qui
1091 986 1170 1060 rhe·
1274 1081 1281 1094 Ι

160 1091 273 1162 torica
290 1089 337 1162 ad
354 1093 574 1164 Herennium
599 1109 775 1194 praecepta
797 1096 970 1168 memoria
987 1111 1165 1193 tenentes,

160 1203 268 1276 nobis
284 1204 460 1278 incertum
477 1231 604 1280 eorum
622 1221 805 1282 auctorem
820 1209 1018 1306 objicerent
1033 1209 1079 1282 de
1095 1237 1169 1284 ser·

160 1343 270 1392 mone
280 1319 318 1388 in
332 1320 438 1392 tertio
448 1343 514 1392 suo
526 1319 620 1392 libro
637 1320 849 1420 disputasse,
864 1323 1018 1422 ideoque
1030 1348 1052 1397 a
1062 1324 1168 1398 nobis

159 1432 341 1504 immerito
358 1431 495 1505 dictum
518 1457 595 1506 esse
613 1434 796 1507 Victorem
820 1437 978 1535 primum
994 1463 1015 1510 e
1036 1438 1168 1512 Latinis

159 1544 378 1638 rhetoribus,
399 1569 555 1644 quorum
573 1547 721 1644 quidem
737 1546 821 1621 libri
838 1564 1044 1648 supersunt,
1064 1575 1169 1649 quas-

161 1658 245 1730 dam
271 1683 314 1731 ex
343 1659 506 1757 professo
536 1660 631 1757 leges
656 1660 703 1733 de
728 1662 996 1735 sermocinandi
1026 1665 1168 1738 ratione

160 1774 427 1871 conscripsisse.
457 1772 733 1846 Rhetoricornm
754 1776 851 1847 enim
877 1775 924 1848 ad
945 1778 1167 1850 Herennium

159 1901 306 1976 auctor,
326 1910 439 1983 quum
463 1885 509 1956 de
527 1889 822 1985 pronuntiatione
838 1887 985 1962 dilatata
1001 1890 1168 1987 quaedam

159 2018 194 2076 et
219 2004 326 2074 etiam
356 2003 576 2076 inminutas
605 2017 742 2103 partes,
771 2028 872 2076 more
903 2029 992 2094 suo,
1023 2006 1168 2080 desecta

159 2118 334 2204 tractavit,
350 2141 555 2190 sermonem
566 2116 748 2190 definivit1
765 2117 968 2190 orationem
981 2119 1168 2190 remissam

158 2245 193 2306 et
210 2230 400 2304 finitimam
414 2230 633 2329 quotidianae
645 2230 834 2320 locutioni,
850 2243 885 2302 et
901 2255 984 2302 eum
997 2231 1034 2300 iu
1047 2245 1167 2329 partes

157 2361 314 2444 quatuor
339 2345 463 2442 (quas,
493 2360 534 2418 ut
559 2344 668 2436 solet,
695 2345 899 2417 nominatas
924 2343 1164 2443 explanavit),

157 2460 384 2555 dignitatem,
404 2457 766 2551 demonstrationem,
791 2459 1053 2549 narrationem,
1068 2460 1167 2556 joca·

158 2573 294 2645 tionem
313 2571 504 2644 distribuit.
523 2570 611 2664 Sed,
628 2571 766 2644 etiarnsi
783 2595 897 2670 pauca
914 2569 999 2642 inde
1016 2570 1062 2642 ad
1079 2596 1165 2668 pro·

156 2688 316 2782 positum
333 2685 470 2756 Victori
494 2709 587 2782 opus
607 2684 793 2757 attinentia
811 2683 903 2756 trahi
924 2698 1094 2782 possunt,
1120 2685 1167 2760 le·

157 2812 280 2894 gentes
309 2813 428 2870 tamen
464 2811 614 2868 caveant
652 2821 698 2868 ne
733 2796 823 2867 nihil
857 2796 954 2868 aliud
994 2798 1166 2868 Herennii

157 2913 325 3010 magister
342 2911 409 2984 sibi
426 2911 596 3001 voluerit,
616 2935 730 3007 quum
746 2910 793 2981 de
812 2933 979 2984 sermone
999 2908 1165 3007 quaedam

156 3026 338 3124 professus
358 3042 432 3117 est,
457 3026 525 3098 nisi
555 3038 595 3096 ut
622 3024 796 3097 iudicaret
820 3049 987 3123 qnaenam
1009 3037 1166 3122 quatuor

157 3137 249 3212 iliius
269 3138 429 3237 partibus
451 3137 696 3236 pronuntiatio
727 3152 763 3209 et
783 3138 882 3209 vocis
905 3137 1105 3210 moderatio
1128 3151 1165 3210 et

156 3254 276 3327 vultus
288 3268 477 3350 gestusque
491 3251 635 3324 inflexio
653 3251 862 3324 adhibenda
879 3266 983 3324 esset.
1001 3256 1079 3323 Non
1098 3251 1163 3347 igi·

156 3383 215 3440 tur
227 3367 327 3440 omni
339 3393 381 3438 ex
393 3378 494 3464 parte
504 3363 858 3458 sermocinationem,
873 3364 1026 3436 Victoris
1036 3363 1160 3456 instar,

155 3482 328 3554 Herennii
349 3490 546 3578 praeceptor
571 3475 706 3574 legibus
730 3477 946 3576 quibusdam
971 3477 1164 3549 informare

157 3595 319 3685 tentavit,
338 3616 456 3689 neque
467 3591 700 3690 proptereais
716 3606 769 3662 est
785 3593 848 3688 qni
867 3590 938 3664 dici
954 3590 1078 3688 possit,
1100 3587 1164 3660 diu

157 3723 240 3781 ante
257 3709 455 3794 Victorem,
475 3703 521 3774 de
537 3727 704 3776 sermone
717 3719 852 3776 certam
865 3703 1068 3801 regularum
1088 3701 1161 3774 ior·

155 3821 293 3894 mulam
317 3835 353 3892 et
379 3817 679 3918 compositionem
706 3817 971 3916 praescripsisse.
1004 3819 1057 3887 De
1086 3813 1163 3886 aliis

156 3936 289 4035 pariter
307 3931 578 4006 concludemus.
599 3929 695 4000 Sicut
710 3952 786 4001 non
808 3930 1016 4028 negavimus
1031 3929 1163 4028 passim

197 4165 226 4219 i.
249 4161 388 4225 Rhetoric.
404 4162 446 4216 ad
457 4163 571 4216 Herenrt
586 4199 596 4234 ,
610 4155 670 4232 111,
686 4157 725 4216 ta
739 4166 768 4214 et
781 4158 831 4219 Η.

1024 4254 1042 4311 d
