2866 5056
569 395 762 474 ,⁴734-

164 553 314 625 forsitan
324 553 474 650 posteris
489 553 634 624 tradere·
644 553 774 624 liceret.
795 551 865 622 Sed
882 565 1076 648 utcumque
1088 549 1165 624 huc

164 689 212 738 se·
227 665 403 758 habeant,
432 666 534 737 brevi
558 666 618 738 illa
646 681 680 737 et
702 666 906 746 summatim
930 666 1088 762 exposita
1116 667 1167 738 de

164 780 342 850 sermonis
365 779 535 876 dignitate
557 793 592 851 et
612 803 697 867 usu,
717 799 834 874 usque
854 777 899 848 ud
921 778 1075 850 Victoris
1088 793 1167 851 ute·

167 905 256 980 tom,
274 893 400 967 notitia
414 893 586 982 contenti,
606 908 641 964 et
655 891 841 991 paululum
859 915 881 962 o
898 893 1084 988 proposito
1098 893 1166 966 do-

163 1005 293 1100 gmssi‚
313 1004 386 1074 huc
404 1005 605 1078 redeamus.
638 1015 641 1023 “

188 1115 200 1168 '·
214 1117 285 1204 Qui
312 1133 506 1215 posttpram
529 1114 793 1192 sermocinandi
821 1115 998 1186 rationem
1023 1136 1097 1186 non
1125 1117 1164 1187 in

164 1231 353 1329 postremis
381 1229 583 1305 habentem
611 1255 705 1318 osse,
733 1243 769 1299 et
789 1223 895 1322 hujus
919 1249 1022 1298 usum
1050 1228 1164 1300 multo

164 1361 242 1414 esso
276 1343 555 1442 frequentiorem
587 1365 695 1439 quum
729 1341 881 1412 oratoris
919 1340 1031 1430 dixit,
1060 1340 1164 1416 latius

165 1454 297 1526 deinde
313 1455 359 1531 ud
377 1455 537 1550 ejusdem
562 1469 598 1525 et
614 1455 760 1524 virtutes
776 1469 811 1526 ct
838 1453 921 1524 vitio
946 1450 1166 1550 designanda

166 1568 438 1663 transgreditur.
456 1573 635 1664 ‚Repeters
659 1567 822 1666 prolecto
844 1568 969 1638 inutile
992 1583 1045 1638 est
1066 1556 1165 1664 ‹juse-

165 1667 321 1776 cumque
344 1681 391 1750 de
409 1681 511 1752 tortia
526 1680 586 1752 illo
611 1681 734 1778 capitis
757 1679 804 1751 ad
829 1682 1165 1754 sermocinationem

166 1789 348 1863 attindntis
361 1807 462 1890 parte
472 1794 653 1890 prolessus
666 1807 720 1864 est
731 1808 853 1864 noster
867 1793 950 1890 (quo
963 1809 1081 1865 totum
1093 1793 1165 1866 lere

164 1920 281 2002 cupiit*
298 1905 522 1995 comninetur,
538 1921 583 1978 *et
611 1929 720 2003 quam
748 1906 906 2002 legentes
931 1931 1039 2003 supra
1067 1922 1166 1979 tran-

166 2017 353 2116 scriptam,
368 2019 408 2089 si
436 2018 563 2108 libent,
584 2018 797 2115 mvolrcnt).
828 2018 898 2090 Sed
922 2043 998 2088 noo
1015 2041 1164 2116 posstrm

165 2129 253 2227 quin
269 2121 549 2204 animadvertam
566 2123 753 2208 contmriis
770 2131 836 2203 sibi
855 2129 1043 2203 virtutibus
1060 2147 1095 2204 et
1110 2134 1164 2203 vi-

168 2243 226 2315 tlis
257 2245 397 2322 tertiam
423 2245 518 2316 hono
550 2259 688 2344 partem
711 2245 913 2342 insignitam
939 2267 1027 2316 esse.
1053 2250 1098 2314 Ut
1126 2244 1164 2316 in

166 2357 268 2428 omni
285 2357 358 2428 lere
374 2358 492 2455 operis
509 2381 635 2447 cursu,
655 2358 704 2428 sic
715 2358 890 2455 praecipue
906 2357 943 2427 in
962 2379 1006 2427 eo
1024 2356 1163 2455 capite,

167 2483 252 2540 non'
270 2469 388 2540 rnincs
409 2491 501 2543 sano
520 2481 555 2542 et
570 2470 791 2568 incorrupte,
816 2485 852 2541 ct
872 2469 945 2540 suis
971 2470 1173 2568 praesertim-

167 2569 389 2679 temponltns
408 2581 618 2654 *admirabili
631 2581 789 2678 jndicio,
813 2583 850 2652 in
873 2581 1010 2678 singula
1031 2581 1164 2654 descri-

167 2691 289 2765 bendo
299 2695 430 2766 Victor
445 2694 601 2786 excellit,
621 2719 730 2791 quam
748 2695 989 2790 inconjuncta
1005 2693 1074 2766 alia
1088 2693 1174 2766 aliis.

167 2806 416 2878 consociando
429 2807 770 2904 antiquisrhetorum
780 2807 999 2904 principibus
1016 2807 1165 2878 inferior

168 2920 350 2992 estsNilril
364 2923 463 2993 enim
485 2945 599 3028 prope
620 2923 656 2992 in
681 2922 722 2994 iis
739 2920 905 2992 omuibus
927 2945 1005 3018 quae
1026 2920 1071 2991 de
1089 2943 1164 2992 ser-

168 3029 413 3101 mocinatione
433 3031 571 3128 scripsit
587 3031 757 3127 reperias,
778 3029 877 3127 quod
894 3055 969 3100 non
987 3053 1113 3100 verum
1128 3043 1165 3104 ot

170 3163 433 3238 nonnunquam
451 3144 562 3214 etiam
577 3138 704 3215 subtile
720 3145 781 3232 sit3
801 3143 864 3216 sed
884 3145 931 3215 ita
949 3167 1030 3215 cum
1054 3144 1165 3214 moxi-

168 3251 236 3322 κίε
249 3253 415 3341 murima,
435 3273 524 3322 cum
539 3252 707 3348 gravibus
727 3252 838 3343 levio,
858 3277 941 3324 curn
959 3252 1067 3349 novis
1083 3252 1163 3324 vul·

166 3379 246 3461 gata
262 3381 298 3437 et
313 3365 396 3435 trito
412 3379 447 3434 et
463 3362 636 3452 obsoleta,
652 3379 690 3434 et
703 3364 876 3460 puerilem
893 3365 1169 3436 omnino·disci··

167 3477 302 3574 plirrnm
326 3476 524 3548 redolentia
542 3489 716 3574 praecepta
739 3475 999 3565 immiscentur,
1025 3489 1163 3546 utnon

167 3591 252 3662 sotis
267 3587 441 3676 'pdmimri
464 3611 576 3686 queas
600 3611 678 3686 qum
696 3601 803 3685 pacto
830 3587 927 3658 idem
948 3588 1060 3658 homo
1088 3601 1168 3658 tam

164 3699 307 3776 &tersa
323 3703 635 3799 conglutinaverit..
657 3707 790 3798 titique,
813 3717 850 3771 nt
866 3703 1029 3799 exemplo
1045 3703 1132 3799 prof
1148 3741 1166 3758 ··

166 3817 284 3888 mdo
297 3830 579 3889 unovcontentus
592 3818 660 3888 sim
675 3816 807 3912 (cetera
824 3817 919 3886 enim
929 3816 1039 3889 iucile
1050 3816 1164 3888 lector

166 3953 273 4027 supra
287 3931 433 4028 repetita
446 3955 513 4028 pro
525 3930 671 4004 arbitrio
687 3955 755 4001 suo
763 3929 986 4028 complebit),
996 3931 1076 4026 quis
1085 3953 1161 4001 non

164 4063 256 4138 aegre
281 4045 460 4116 Victorem
483 4045 591 4136 ferat,
615 4059 805 4143 postquam
830 4042 1019 4117 salsissimo
1046 4042 1162 4114 seculi

81 4157 91 4175 “
164 4155 219 4226 sui
236 4158 400 4228 convicio
410 4159 550 4256 ineptos
561 4159 647 4230 istos
655 4157 820 4231 ltomittes
833 4156 1079 4256 reprehendit,
1099 4155 1162 4252 qui
