2866 5056
552 392 747 466 ..39-

165 544 282 612 Ἠεεο
299 538 466 638 equidem
490 542 670 642 praecipua
695 545 733 615 in
759 544 903 618 Victore
917 549 1154 624 occurrebant

149 677 230 752 quae
242 678 326 726 cum
343 653 525 726 Ciceronis
543 669 579 727 et
595 657 805 743 Quintiliani
828 654 916 730 locis
936 659 1153 756 quibusdam

149 769 363 862 conferrem,
380 794 456 841 uon
473 783 514 840 ut
526 770 712 867 utriusque
732 770 1003 868 quodammodo
1019 780 1153 850 exami-

148 881 286 954 nandas
303 883 449 954 virtutes
464 881 634 954 librarem
649 907 733 954 cum
749 882 874 978 exigua
888 908 932 956 ac
947 911 1046 983 paene
1056 889 1155 968 nulla

148 993 260 1091 ignoti
282 994 480 1067 Galliarum
501 994 655 1066 rhetoris
671 993 847 1087 facultate,
867 994 929 1066 sed
947 1010 986 1065 ut
1006 998 1151 1095 melius,
1242 1071 1247 1084 ,

148 1129 192 1179 ex
210 1107 287 1205 ipsa
305 1121 379 1180 tam
396 1106 621 1180 diversorum
637 1103 812 1179 librorum
829 1106 1034 1203 collatione,
1053 1135 1155 1183 com-

147 1220 275 1317 pendii
299 1221 411 1314 illius,
430 1220 530 1319 quod
554 1219 750 1318 dijudicare
776 1220 1007 1314 tentavimus,
1027 1237 1155 1298 natura

147 1343 185 1402 et
197 1331 437 1405 visexisteret.
861 1395 863 1400 ,

198 1445 382 1530 Quorsum
413 1469 501 1518 vero
529 1443 607 1517 haec
632 1459 755 1517 nostra
781 1444 826 1517 de
853 1445 997 1518 Victore
1030 1447 1155 1546 opinio

148 1556 312 1656 spectati
329 1562 438 1650 Num,
457 1583 516 1652 eo,
538 1573 579 1631 ut
593 1557 811 1632 affirmemus
836 1557 926 1630 nihil
946 1559 1071 1632 inillo
1090 1560 1155 1633 ali-

149 1693 223 1768 qua
248 1671 360 1742 animi
377 1672 578 1745 intentione
599 1673 769 1770 dignum,
788 1674 863 1745 sive
878 1671 1063 1768 laudetur,
1081 1674 1163 1746 sive.

148 1782 389 1882 vituperetur,
412 1785 502 1856 nihil
529 1810 687 1876 novum,
705 1785 796 1856 nihil
821 1785 1045 1878 inauditum,
1064 1785 1155 1857 nihil

148 1895 236 1968 utile
251 1899 392 1970 inesse?
410 1904 531 1996 Longe
548 1899 619 1971 alla
633 1921 712 1970 moa
731 1897 1070 1995 quidemsententia
1086 1912 1151 1971 ests

148 2011 240 2080 Nam
267 2025 307 2082 ut
327 2034 432 2110 paeue
455 2011 767 2084 floccilaoieudum
789 2033 868 2082 esse
882 2011 1037 2082 Victoris
1054 2032 1154 2082 corn-

148 2122 325 2219 pendium
334 2125 460 2217 fateor‚
475 2149 549 2223 prae
558 2124 813 2225 copiosissimis
824 2122 893 2194 illis
904 2121 1004 2194 Fabii
1017 2147 1059 2194 ac
1068 2141 1156 2220 prae·

148 2234 1164 2336 sertimCieeronisdeeloqueutiaoperibus3ita,siipsum

148 2374 214 2447 per
233 2375 272 2423 se
289 2352 567 2456 introspiciatur,
587 2368 695 2451 atque
712 2351 811 2424 omni
822 2375 864 2422 ex
881 2363 983 2450 parte
996 2348 1103 2446 hujus
1119 2364 1166 2423 et¹

148 2464 296 2539 virtutes
306 2481 342 2539 et
352 2467 439 2540 vitia
450 2481 485 2539 et
496 2491 538 2539 ex
550 2491 594 2538 eo
607 2465 737 2538 diversi
753 2465 891 2561 generis
907 2461 1159 2563 perspicienda·

149 2579 344 2652 commoda
359 2597 571 2680 pensentur,
592 2580 740 2652 minime
762 2579 801 2651 id
817 2577 1124 2651 contemnendum
1141 2631 1153 2670 ,

149 2695 312 2790 quamvis
322 2693 464 2766 aridum
480 2695 524 2766 sit
540 2709 576 2765 et
592 2693 693 2784 exile,
706 2708 742 2766 et
756 2691 908 2765 secunda
923 2692 1024 2763 omni
1039 2691 1155 2786 singu-

148 2805 266 2880 larum
281 2831 403 2881 rerum
417 2807 668 2906 explanatione
684 2819 814 2900 careat,
834 2805 1002 2878 arbitror.
