2880 5058
688 431 752 448 „...
778 393 826 464 90
845 429 903 449 .-

298 547 365 618 erit
384 547 516 634 Victor,
537 546 624 616 etin
642 543 880 640 negotialibus
895 543 1061 642 epistolis·
1073 544 1303 618 atreomn'n
1414 531 1415 540 ἵ

297 662 462 732 universa
478 659 633 756 negotia,
658 672 720 730 aut
734 657 961 756 peculiariter
988 677 1068 754 qum
1092 656 1304 755 aderempu-

297 770 430 843 blicam
447 772 626 869 etiamque
644 771 690 844 ad
707 769 973 869 philosophiam
985 771 1178 868 pertinent,
1195 770 1304 844 eollo·

285 886 442 957 caverit.
460 885 568 982 Cujus
579 886 723 981 generis
742 883 955 983 multiplices
971 883 1040 955 illae
1053 885 1304 984 eruntepisto·

286 998 414 1071 larum
426 999 550 1072 lormae
565 1023 644 1096 quae
658 998 755 1098 apud
772 1000 983 1072 Ciceronem
999 997 1045 1070 de
1058 1011 1112 1070 tot
1123 999 1304 1096 tantisque

298 1110 407 1182 rebus
426 1113 564 1210 scriptae
580 1110 760 1207 leguntur,
775 1135 817 1183 ac
838 1111 1033 1210 prasertim
1045 1133 1170 1208 graves
1187 1111 1304 1184 illaeet

297 1223 592 1324 longaeepistolae,
601 1224 994 1297 ubimodoadBrutum
1007 1223 1179 1315 scribens,
1192 1224 1303 1296 modo
1418 1219 1419 1228 ³

291 1338 346 1410 :ad
359 1343 572 1431 Varronem,
585 1340 697 1411 modo
710 1339 756 1412 ad
768 1341 943 1427 Quintum
956 1338 1115 1431 fratrem,
1128 1338 1242 1410 modo
1258 1338 1310 1424 uti¹

299 1451 505 1550 complures
515 1451 618 1546 alios,
636 1468 697 1524 aut
712 1453 758 1524 de
773 1451 975 1550 republica,
989 1465 1050 1522 aut
1067 1450 1113 1522 de
1129 1451 1303 1549 suisope

297 1565 398 1638 ribus
415 1581 451 1638 et
467 1567 612 1658 studiis,
633 1581 695 1637 aut
710 1566 755 1637 de
770 1567 910 1663 optima
925 1565 1064 1637 ratione
1081 1565 1303 1663 provinciam
1361 1603 1365 1614 ·

300 1677 586 1767 administrandi,
613 1693 673 1750 aut
700 1676 745 1749 de
768 1677 1074 1752 diversissimisac
1091 1701 1207 1775 prope
1224 1677 1304 1750 infr-

290 1790 382 1861 nitis
408 1789 528 1878 rebus,
564 1815 751 1888 nunquam
774 1790 932 1889 epistolae
953 1806 1119 1862 naturam
1145 1813 1304 1866 corr-um
1419 1815 1420 1846 1

292 1901 435 2000 pendo,
457 1902 661 2002 disputavit.
687 1907 905 2000 Quanquam
926 1899 1104 1974 Tullianae
1130 1902 1304 2000 quasdam

298 2015 407 2112 hujus
424 2015 562 2112 generis
585 2015 753 2112 epistolas
775 2015 956 2112 longiores
977 2039 1054 2088 esse
1081 2014 1176 2108 scio,
1196 2039 1305 2112 quam

299 2129 454 2226 vulgaris
467 2128 665 2200 litterarum
684 2128 912 2202 familiarium
929 2153 1013 2202 usus
1025 2127 1217 2200 desitlerat.
1236 2126 1305 2201 Sed

299 2244 350 2316 ita
363 2244 487 2314 Cicero
505 2243 542 2312 in
560 2243 602 2312 iis
610 2266 736 2312 rerum
750 2242 914 2338 gravitati
929 2255 965 2342 et
979 2239 1134 2341 praedem
1144 2241 1305 2340 leporem
1418 2331 1420 2342 Ι

297 2355 488 2452 proprium
522 2367 557 2424 et
584 2353 744 2424 nativam
771 2355 946 2427 sermonis
980 2367 1228 2446 venuensem,
1259 2356 1305 2426 ita

288 2466 1307 2566 -sententiarumuerbcrumquesplendorem5qucaliqnot
1420 2535 1421 2556 ,

289 2581 410 2679 ipsius
437 2581 839 2680 prefulgentepistolae,
865 2582 987 2652 nescio
1008 2604 1083 2678 qua
1104 2580 1307 2656 urbanitete
1420 2591 1421 2676 Q

298 2706 487 2793 temperat,
503 2709 542 2766 ut
553 2694 654 2769 ittam
670 2719 755 2766 sane
766 2694 1068 2793 vituperationem
1076 2693 1226 2786 devitet,
1237 2717 1307 2794 que

298 2809 336 2879 in
353 2808 485 2905 longus·
499 2807 666 2908 epistolas
683 2809 794 2880 utitur
812 2808 1027 2880 Demetrius.
1047 2808 1209 2899 «Valde,
1229 2809 1303 2900 ait¹‚
1332 2887 1337 2898 ‚

298 2920 435 3017 longae,
462 2935 498 2994 et
515 2936 683 3020 praeterea
706 2922 869 2994 oratione
891 2921 1124 3015 tumidiores,
1151 2946 1227 2994 non
1243 2945 1309 3022 pm

300 3033 485 3105 veritatem
525 3033 750 3131 epistolae...,
799 3032 1109 3130 quemadmodum
1150 3032 1309 3106 Pam

299 3146 412 3218 multa
442 3161 478 3217 et
508 3145 658 3244 epistola
689 3145 959 3242 Thucydidis.»
990 3147 1131 3244 Aliquot
1159 3147 1308 3244 quidem

289 3259 483 3330 Ciceronis
500 3258 674 3357 epistolae,
696 3256 795 3331 velut
812 3258 932 3332 mttltae
949 3283 1076 3332 eorum
1092 3284 1171 3356 qeae
1189 3258 1309 3330 Plato-

289 3372 368 3464 nis,
393 3374 661 3468 Demosthenis,
682 3374 858 3446 AEschinis
875 3385 911 3445 et
927 3371 1309 3444 aliorumnominiims

299 3484 664 3578 inscribuntur,'nun
693 3513 737 3560 eo
767 3488 883 3585 spatio
914 3484 1177 3558 contrabuntur
1206 3483 1308 3580 carim

244 3608 246 3614 ’
292 3611 439 3670 tautum
450 3602 630 3696 angustias
639 3601 842 3672 Demetrius
850 3599 1042 3698 permittit3
1055 3597 1305 3695 sedquemvis,

300 3711 397 3780 velut
413 3712 578 3784 illaadL.
592 3715 783 3784 Lucceium
794 3713 901 3784 missa
915 3737 1025 3810 quem
1036 3709 1167 3784 bellum
1181 3711 1308 3782 Cicero

292 3822 471 3921 appellat,
490 3840 524 3896 et
537 3841 575 3898 ut
586 3842 708 3898 noster
721 3825 953 3898 commendat
968 3826 1103 3917 Victor,
1119 3825 1193 3896 sint
1206 3823 1308 3895 omri

299 3935 494 4008 verborum
516 3953 646 4011 ornatu
667 3939 1000 4038 'sententiarumque
1021 3938 1202 4038 expolitae,
1223 3959 1308 4008 nus-

340 4183 369 4240 l.
393 4183 537 4252 Demetr.,
555 4201 584 4260 p.
601 4183 671 4240 tot.
697 4233 701 4242 .
