2880 5058
700 413 922 489 -t32-

307 563 559 655 ricathemata,
578 563 804 662 autpoetioas
816 557 1085 636 exercitationes
1098 561 1318 662 quotidianae

308 677 500 752 imitationi
525 676 728 775 propositas
753 675 1022 748 arbitrarentur.
1058 677 1146 748 lnde
1181 678 1318 750 factum

309 805 381 882 est,
400 789 501 887 quod
523 813 565 861 ex
587 789 735 860 Ausonii
753 803 790 860 et
808 788 947 861 Sidonii
965 789 1177 889 Apollinaris
1196 794 1318 891 operi-

306 902 390 975 bus·
406 915 566 993 constat,
594 916 632 974 ut
653 925 676 970 v
706 916 742 973 et
765 925 802 972 tv
830 901 972 994 saeculo,
1002 899 1127 976 Gallici
1152 902 1319 978 rhetores

306 1003 405 1089 varia
440 1015 598 1115 poetices
632 1021 763 1113 genera
794 1013 947 1087 libenter
981 1015 1198 1090 excolerent.
1245 1021 1319 1089 Neo

307 1129 426 1203 solum
441 1129 542 1202 hisce
560 1127 751 1226 aequalium
776 1153 882 1200 suum
898 1127 1086 1200 rhetorum
1103 1125 1230 1201 studiis
1245 1135 1319 1201 Au-

308 1244 445 1333 sonius,
468 1243 551 1342 ipse'
568 1242 724 1314 Gallicus
750 1241 888 1333 rhetor,
913 1243 988 1314 sive
1011 1269 1075 1342 per
1097 1267 1136 1315 se
1159 1243 1319 1316 testimo·

306 1359 370 1432 nlo
389 1372 454 1446 est,
474 1341 548 1428 sive
565 1381 631 1454 per
646 1380 688 1428 ea
706 1379 786 1453 quae
802 1355 848 1427 de
860 1355 1077 1454 quibusdam
1091 1357 1318 1453 Burdigalen-

308 1472 355 1544 sis
367 1469 499 1542 scholae
509 1468 774 1569 professoribus
789 1469 1008 1566 praedicavit,
1021 1472 1096 1543 sive
1111 1495 1177 1568 per
1192 1469 1319 1542 laudes

307 1583 438 1682 quibus
458 1582 608 1680 paulum
632 1583 760 1653 Axium
783 1583 966 1654 rhetorem
983 1607 1024 1654 ac
1040 1598 1186 1680 poetam
1203 1583 1317 1654 comi·

307 1718 410 1786 cum,
445 1693 625 1791 aliosque,
660 1694 788 1792 palmae
818 1693 975 1766 'lorensis
1013 1710 1050 1767 et
1083 1716 1318 1767 camenarum

308 1808 432 1903 declus,
443 1807 600 1900 eatulit¹3
616 1808 794 1880 sedetiam
808 1806 921 1880 multa
930 1807 1071 1880 Sidonii
1084 1808 1318 1908 epistolarum

307 1921 388 1995 loca
405 1923 512 2022 plane
524 1921 742 1996 confirmant
751 1936 888 2020 quanto
901 1922 939 1992 in
954 1947 1034 2013 usu,
1049 1923 1146 2022 apud
1161 1921 1319 1996 Gallicos

308 2061 332 2108 v
355 2038 485 2110 saeculo
513 2037 659 2110 dicendi
684 2041 934 2136 praeceptores
962 2038 1083 2110 omnia
1106 2053 1317 2136 poematum

309 2177 440 2248 genera
458 2153 603 2226 fuerint.
634 2152 773 2240 Quibus
800 2177 820 2224 e
846 2151 956 2241 locis,
983 2150 1056 2224 hoc
1073 2143 1187 2223 unum
1204 2151 1315 2241 mihi,

308 2265 412 2336 sicuti
436 2266 586 2364 plenum
611 2280 815 2339 ceterorum
839 2265 1034 2364 exemplar,
1054 2265 1183 2337 allerre
1199 2264 1315 2337 liccat.

309 2375 480 2452 Sidonius
496 2378 543 2449 ad
560 2383 702 2478 Lupum
715 2378 908 2476 quemdam
925 2377 1108 2451 rhetorem
1125 2391 1161 2450 et
1172 2393 1319 2476 poetam

310 2492 482 2586 scribens,
502 2517 612 2592 quem
628 2493 761 2586 nimiis,
784 2507 824 2564 ut
852 2493 955 2584 solet,
976 2491 1144 2564 laudibus
1165 2491 1317 2584 extollit,
1431 2489 1432 2506 *

310 2595 395 2682 enm
423 2609 473 2680 ita
497 2632 581 2680 cum
606 2608 771 2695 Antedio‚
800 2605 938 2679 Gallico
959 2622 1081 2708 poeta,
1106 2606 1261 2699 confert,
1280 2621 1319 2678 ut

311 2721 429 2795 obiter
438 2721 538 2795 hisce
547 2720 667 2795 verbis
679 2721 817 2795 intedii
829 2721 1013 2820 ingenium
1024 2724 1316 2795 commemoret’:

313 2865 331 2906 <r
351 2835 389 2908 si
405 2837 586 2910 orationes
605 2835 698 2910 illius
715 2837 886 2931 metiaris,
902 2863 996 2930 acer,
1012 2833 1206 2928 rotundus,
1222 2857 1321 2905 com·

311 2953 467 3053 positus,
487 2976 667 3026 excussus.
688 2952 725 3025 si
740 2965 925 3051 poemata,
945 2967 1066 3044 tener,
1085 2949 1317 3040 multimeter,

312 3079 471 3164 argutus,
490 3066 613 3137 artilex
629 3079 717 3138 erat.
734 3063 899 3138 Faciebat
912 3063 1089 3162 siquidem
1100 3087 1235 3153 versus,
1253 3087 1317 3160 op·

311 3180 401 3284 pido
422 3195 581 3272 exactos,
606 3194 682 3252 tam
703 3177 837 3278 pedum
858 3177 962 3271 mira,
988 3203 1097 3276 quam
1122 3175 1319 3272 figurarum

313 3297 527 3370 varietate...
537 3349 545 3367 .
556 3299 597 3366 ln
608 3294 758 3367 materia
771 3292 1042 3365 controversiali
1052 3290 1153 3363 sortis
1163 3303 1200 3360 et
1209 3288 1318 3360 lacer-

312 3426 438 3500 tosus3
456 3411 493 3482 in
508 3409 647 3481 satirica
664 3406 834 3480 sollicitus
858 3421 894 3478 et
912 3404 1061 3476 mordax
1076 3435 1086 3498 3
1116 3405 1153 3475 in
1171 3403 1316 3499 tragica,

315 3549 427 3596 saevus
453 3537 489 3595 et
513 3520 660 3612 flebilis3
686 3522 723 3591 in
741 3519 879 3591 comica
896 3516 1055 3589 urbanus
1071 3515 1318 3588 multiformis·

315 3661 410 3733 qne3
431 3636 468 3706 in
481 3635 714 3724 Fescennina,
727 3656 881 3706 vernans
892 3629 1024 3723 verbis,
1040 3646 1193 3703 aestuans
1207 3630 1317 3716 votis,
1427 3651 1428 3682 t

315 3747 354 3819 in
386 3745 551 3819 bucolica
576 3745 723 3845 vigilax,
752 3769 901 3846 parcns,
922 3741 1252 3832 carminabundus3
1284 3740 1319 3813 in

314 3863 502 3964 georgica,
523 3861 574 3932 sic
595 3861 771 3932 rusticans
791 3858 966 3952 multum,
991 3857 1092 3956 quod
1108 3855 1198 3929 nihil
1215 3854 1321 3927 rusti·

356 4123 387 4179 l.
412 4120 523 4177 huson.
542 4115 653 4190 Epist,
667 4131 735 4182 xm
751 4106 921 4184 Professor„
937 4111 982 4184 11,
1000 4111 1031 4168 7.

358 4211 388 4266 2.
414 4203 513 4268 Sidon.
531 4201 660 4283 Apollin.
677 4205 788 4278 Epist,
804 4201 889 4275 vm,
903 4217 946 4257 ιι.
