2866 5056
679 333 878 406 ..32-

274 513 355 590 quoe
371 485 418 560 ad
430 482 621 558 sententias
642 482 836 571 attineant,
854 496 890 553 et
907 503 1033 554 earum
1049 477 1280 572 immodicos,
1420 465 1424 607 l

275 601 386 678 Fabio
409 612 573 686 auctore,
594 620 678 667 usus
696 596 824 667 merito
846 593 1119 694 vituperaverit,
1139 617 1214 665 non
1233 617 1285 668 sa·

274 714 389 816 pienti
405 712 455 784 illi
471 726 507 784 et
524 725 627 782 rectae
644 708 743 781 Fabii
760 707 920 805 ejusdem
936 705 1134 807 prudentiae
1150 707 1283 780 deinde

276 849 462 902 assensum
478 847 571 913 esse,
590 845 662 921 qua
679 821 738 893 ille
752 822 975 920 aliquatenus
994 845 1090 893 novo
1108 819 1207 919 apud
1224 825 1286 894 La·

275 942 371 1013 tinus
400 938 591 1036 scriptores
621 937 878 1010 sententiarum
909 934 1030 1032 generi
1057 932 1247 1007 indulserit
1260 939 1282 1006 ¹.

275 1059 395 1142 Quem
420 1050 556 1149 ubique
588 1051 784 1122 constantis
814 1063 849 1121 et
880 1048 1022 1120 sibimet
1054 1049 1286 1147 temperantis

147 1221 149 1228 -
272 1167 397 1266 judicii
413 1163 565 1238 modum
583 1177 699 1234 servat
713 1162 966 1255 Quintilianus,
987 1161 1286 1260 quotiescumque

276 1281 398 1355 allatas
425 1277 639 1375 eloquentiae
670 1290 751 1375 post
784 1275 994 1346 Ciceronem
1019 1273 1286 1347 immutationes

276 1392 459 1492 expendit,
478 1389 525 1461 ab
543 1414 586 1461 eo
600 1389 629 1460 si
646 1414 721 1460 nnn
739 1386 891 1460 discedit
912 1390 1044 1480 Victor,
1064 1413 1148 1460 eum
1167 1403 1284 1462 tamen

277 1506 409 1579 omittit
424 1517 459 1575 et
475 1502 652 1599 negligere
668 1501 821 1573 videtur.
843 1505 964 1598 ltaque
982 1527 1095 1599 quum
1112 1500 1286 1574 declama·

276 1620 393 1692 tiones
419 1617 546 1716 quinto
573 1629 609 1686 et
629 1614 800 1686 vicesimo
821 1615 904 1686 libri
926 1616 1058 1714 capite,
1086 1615 1286 1689 seeundum

277 1730 489 1820 Quintiliani
508 1741 701 1828 praecepta,
721 1752 831 1825 quam
847 1728 1043 1801 simillimas
1058 1729 1197 1801 veritati
1210 1753 1285 1801 esse

273 1843 412 1942 jubet',
434 1855 551 1914 tntum
570 1841 607 1910 in
626 1864 670 1911 eo
688 1839 866 1912 intentum
889 1863 965 1911 esse
989 1838 1171 1913 Victorem
1189 1839 1285 1912 dicas

277 1970 317 2029 ut
333 1955 636 2028 declamationum
653 1953 739 2024 vitia
758 1953 996 2046 demonstret,
1019 1977 1148 2052 parum
1165 1967 1285 2024 autem

276 2095 403 2146 curare
432 2084 471 2142 ut
499 2067 641 2139 illarum
666 2067 853 2140 utilitatem
880 2065 1121 2140 commendet.
1152 2070 1286 2142 Contra

276 2183 533 2274 QuintilianuS,
563 2194 754 2279 postquam
770 2206 863 2279 saepe
879 2179 960 2252 illos
976 2179 1204 2278 reprehendit
1223 2179 1283 2278 qui

276 2297 554 2370 declamationes
563 2294 765 2391 corruptius¹
777 2293 1022 2365 delectationis
1033 2290 1284 2366 tantummodo

276 2435 382 2482 causa
397 2410 601 2496 decantant,
616 2432 688 2499 eas,
701 2408 730 2478 si
743 2422 837 2480 recte
852 2405 1102 2499 adhibeantur,
1116 2431 1286 2479 consum·

277 2537 375 2594 mato
387 2523 495 2593 etiam
511 2521 645 2592 oratori
664 2521 866 2592 utilissimas
879 2546 955 2592 esse
969 2518 1169 2618 profitetur.
1185 2547 1204 2588 u
1219 2519 1286 2592 Ali-

277 2650 336 2707 tur
347 2637 457 2727 enim,
470 2635 550 2729 ait³,
567 2650 673 2732 atque
687 2635 859 2726 enitescit,
877 2633 974 2705 velut
987 2632 1120 2731 pabulo
1133 2630 1280 2724 laetiore,

277 2748 462 2841 facundia,
482 2763 517 2821 ct
539 2747 681 2819 assidua
701 2746 976 2821 contentionum
998 2744 1187 2844 asperitate
1204 2744 1283 2816 lati·

276 2877 356 2958 gata
373 2876 579 2934 renovatur.
594 2853 618 2926 'e

298 3015 301 3020 ,
324 2980 403 3046 Jam
417 2999 532 3073 prope
547 2972 592 3044 ad
605 2971 770 3045 secundae
782 2972 890 3042 trium
907 2970 1062 3068 partium
1078 2969 1188 3043 linem
1201 2994 1284 3068 per·

275 3088 371 3179 veni,
391 3089 513 3184 inqua
530 3086 620 3157 mihi
636 3085 933 3188 praescripseram,
951 3098 990 3154 ut
1007 3084 1171 3181 quaedam
1185 3107 1228 3154 ex
1242 3083 1284 3156 iis

275 3199 493 3296 inquirerem
512 3223 591 3296 quae
616 3199 652 3268 in
676 3197 779 3296 pejus
803 3199 989 3268 immutata
1008 3190 1131 3268 Victor'
1147 3221 1167 3268 e
1185 3196 1286 3270 Cice-

274 3335 364 3384 rone
381 3327 416 3383 et
429 3311 652 3400 Quintiliano
675 3311 790 3381 traxit.
813 3309 899 3380 Mihi
917 3324 1053 3403 tamen,
1073 3308 1284 3408 priusquam

275 3425 345 3498 alio
356 3450 414 3496 me
424 3437 646 3515 convertam,
661 3423 814 3521 adjicere
825 3447 937 3521 pauca
945 3423 1062 3494 liceat.
1073 3423 1111 3494 ld
1123 3422 1282 3520 primum

275 3563 349 3610 non
367 3537 491 3610 inutile
508 3536 604 3607 dictu
622 3533 777 3629 videtur,
792 3537 975 3607 Victorem
990 3534 1135 3606 sortasse
1152 3550 1187 3606 et
1203 3559 1282 3606 sen·

274 3651 467 3723 tentiarum
483 3665 519 3722 et
539 3649 843 3721 declamationum
866 3662 902 3720 et
921 3661 1120 3721 ceterarum
1142 3631 1179 3718 in
1206 3646 1283 3718 elo·

314 3938 342 3993 l.
367 3931 501 4006 Quintil.,
517 3933 602 4001 Vlll,
620 3934 655 4004 5,
672 3933 778 3990 att-34.

314 4029 344 4084 2.
367 4027 398 4083 C.
416 4025 444 4081 J.
459 4021 548 4095 rica,
564 4041 594 4099 p.
608 4024 677 4083 tta.

314 4119 343 4178 3.
367 4110 501 4189 Quintil.,
523 4114 568 4184 X,
594 4114 631 4184 5,
649 4114 700 4173 ll.
