2866 5056
606 361 842 438 ’,28-

245 518 294 590 ris
323 516 437 590 totius
462 513 670 603 terminum,
699 535 801 585 nunc
829 535 850 583 e
878 509 1068 604 Cicerone,
1097 533 1196 585 nune
1227 535 1249 586 e

244 629 468 718 Quintiliano
485 651 559 700 esse
577 627 799 725 transcripta.

294 743 435 816 Omissa
453 765 538 838 ergo
566 740 667 812 omni
684 739 744 812 hic
761 737 967 837 disputandi
985 761 1104 826 mora,
1125 735 1172 810 ad
1191 761 1250 810 se·

245 851 401 932 cundum
432 854 581 954 triplicis
611 852 860 951 descriptionis
888 865 1027 950 partem
1059 849 1250 922 confestim

245 967 433 1071 pervenire
449 980 696 1067 opportunum
710 980 781 1053 est,
794 965 855 1038 ubi
872 967 908 1036 in
922 964 1077 1038 deterius
1091 963 1250 1062 plerum·

246 1107 316 1181 que
337 1082 461 1153 Victor
488 1079 592 1152 Tullii
619 1092 655 1151 et
682 1079 781 1151 Fabii
813 1078 973 1177 exempla
997 1077 1245 1150 commutavit.

246 1183 410 1284 Quo'rum
442 1218 483 1266 ea
511 1191 767 1264 'tantummodo
798 1217 876 1288 quae
909 1191 1062 1264 maxime
1096 1189 1248 1286 insignia

246 1309 333 1395 sint,
354 1305 465 1377 modo
484 1329 504 1376 e
522 1308 712 1392 Cicerone,
733 1305 845 1376 modo
875 1330 895 1376 e
922 1301 1169 1392 Quintiliano,
1191 1326 1250 1374 se·

246 1418 406 1492 cundum
431 1403 635 1489 Rhetorices
662 1417 815 1488 Victoris
842 1416 1008 1488 ordinem
1034 1415 1166 1507 ducta,
1188 1441 1249 1488 ex·

245 1531 356 1631 pendi
371 1555 489 1628 operae
506 1531 661 1628 pretium
680 1531 759 1601 erit.

296 1645 457 1715 Primum
470 1643 575 1740 hujus
593 1643 731 1741 generis
743 1642 946 1741 exemplum
962 1642 1149 1714 arhetoris
1167 1665 1251 1713 nos·

246 1755 291 1827 tri
317 1768 447 1828 octavo
478 1756 593 1853 capite
618 1770 773 1852 petatur.
804 1754 856 1825 lbi
882 1755 927 1826 de
949 1753 1127 1853 probabili
1145 1777 1249 1848 argu·

246 1869 467 1940 mentatione
484 1869 649 1966 quae‘dam
675 1893 695 1940 a
723 1868 989 1940 rhetoricorum
1010 1868 1129 1966 primo
1150 1867 1253 1938 Cice·

246 1983 345 2054 ronis
377 1980 470 2053 libro
498 1980 653 2052 deducta
682 1982 914 2080 praecipiens,
948 1980 1112 2054 eamdem
1145 1995 1253 2076 atque

246 2093 391 2165 Tullius¹
406 2092 625 2166 inductionis
637 2092 790 2166 formam
803 2094 988 2192 proponit,
1004 2080 1254 2192 elepidissimo

246 2204 418 2277 Socratici
435 2201 612 2274 AEschinis
628 2226 794 2275 sermone
813 2200 1037 2294 translatam,
1057 2202 1094 2272 in
1112 2225 1186 2297 quo
1204 2201 1255 2274 in-

247 2316 444 2414 terroganti
470 2316 622 2413 Aspasiae
644 2315 736 2387 male
759 2316 980 2414 respondent
1010 2340 1108 2388 nunc
1133 2320 1254 2388 Xeno·

248 2428 366 2528 phon,
406 2453 505 2499 manc
539 2428 789 2526 Xenophontis
823 2455 927 2502 uxor.
965 2430 1071 2518 Quod
1107 2429 1255 2527 quidem

248 2541 452 2640 exemplum
466 2565 510 2614 eo
524 2542 734 2639 pretiosius,
751 2540 851 2639 quod
869 2541 1054 2614 rarissimis
1071 2564 1185 2614 unum
1202 2555 1257 2614 est

250 2679 291 2726 ex
316 2655 521 2750 fragmentis
538 2655 710 2727 Socratici
733 2655 931 2749 AEscbinis,
957 2670 992 2727 et
1021 2656 1209 2753 perspicue
1235 2679 1257 2728 a

249 2765 469 2853 Quintiliano
485 2768 496 2802 ¹
513 2781 856 2858 commemoratum,
883 2765 983 2841 erute
1002 2782 1038 2838 et
1059 2765 1201 2864 illepide
1220 2778 1257 2838 et

252 2877 404 2952 obscure
422 2901 443 2950 a
462 2879 603 2952 Victore
624 2879 807 2978 allegatur,
829 2881 892 2979 qui
916 2905 1033 2978 neque
1061 2879 1175 2952 ullum
1191 2903 1255 2952 eo·

251 3015 332 3062 rum
356 2989 492 3063 ibidem
516 2993 800 3090 colloquentium
817 2994 1006 3084 nominat,
1026 3018 1145 3092 neque
1162 2992 1259 3065 unde

253 3099 341 3172 illud
361 3104 504 3174 traxerit
520 3103 709 3198 admonet,
730 3106 885 3204 ideoque
910 3120 1047 3178 tantam
1070 3105 1259 3202 caliginem

250 3215 449 3310 legentibus
474 3216 645 3311 obducit,
676 3233 715 3291 ut
743 3221 812 3322 nisi
830 3222 1041 3294 Ciceronem
1065 3234 1101 3293 et
1118 3219 1261 3307 Quinti-

252 3327 387 3399 lianum
421 3343 484 3400 aut
512 3349 776 3428 praenoscerent
808 3350 870 3407 aut
892 3334 1053 3423 adirent,
1084 3333 1142 3404 vix
1175 3333 1260 3406 satis

252 3442 490 3540 intelligerent
507 3458 712 3519 truncat-um
731 3473 751 3521 a
768 3449 913 3522 Victore
935 3465 972 3522 et
996 3448 1118 3520 nativa
1132 3471 1260 3520 venus·

152 3567 157 3575 '
255 3570 326 3628 tate
343 3558 553 3630 destitutum
571 3560 790 3659 exemplum.

302 3672 382 3740 Non
396 3671 523 3742 eadem
538 3674 722 3746 severitate
736 3674 867 3747 deinde
882 3673 1202 3775 reprehendendus
1213 3676 1262 3748 vi·

253 3779 509 3853 deturVictor³
525 3784 643 3881 quod,
662 3812 778 3883 quum
791 3787 990 3886 perlectum
1001 3789 1165 3862 oratoriae
1176 3788 1262 3864 anis

276 3939 277 3944 Ἰ
296 3977 326 4034 l.
350 3972 408 4032 cic.
425 3977 461 4031 dc
473 3969 646 4053 Inventione,
661 3983 690 4050 1,
708 3983 757 4040 31.

296 4067 327 4127 2.
350 4063 485 4138 Quintil,
498 4069 539 4140 V,
556 4067 611 4140 tt,
626 4073 733 4130 27-29.

297 4155 325 4216 3.
348 4155 381 4214 C.
395 4155 422 4212 J.
438 4153 527 4229 Vict.,
541 4172 609 4237 cap.
623 4177 665 4216 rx.
