2866 5056
684 395 881 474 -3s...

279 548 330 625 ob
342 551 532 642 rationem,
551 547 665 646 magis
682 547 847 645 acmagia
862 546 899 620 in
917 543 994 620 dies
1010 545 1197 644 antiquam
1211 567 1288 622 me·
1415 563 1416 634 l

278 663 439 738 moriam
458 659 676 736 exercitandi
706 685 818 757 geum
839 682 1062 734 marcescens
1078 657 1290 738 defloruisse
1416 693 1417 716 r

279 799 323 850 ao
353 773 502 848 taudem
533 772 738 848 obsoletum
766 773 913 873 periisse
941 770 1168 846 crediderim.
1205 777 1290 850 Non

278 885 397 962 solum
413 888 510 960 enim
526 886 572 960 ab
590 885 717 960 eadam
733 885 793 958 illa
804 885 1180 983 ingeniorum-desidia
1191 913 1291 986 quar,

277 1000 434 1074 Victoris
452 1014 567 1091 aetate,
586 999 703 1096 longis
718 1013 880 1072 veterum
896 999 1119 1100 scriptorum·
1130 999 1290 1076 volumi»

276 1109 384 1188 uibus
400 1112 643 1186 recentiorum
660 1111 882 1210 compendia
890 1111 1146 1213 anteponebat,
1162 1112 1288 1213 vulga·

275 1225 371 1299 rium
399 1224 663 1298 causidicorum
681 1224 787 1296 turba
806 1224 1033 1298 incredibiles
1058 1249 1120 1300 eos
1143 1225 1289 1304 laboras

275 1331 469 1435 respuebat
496 1333 627 1433 quibus
651 1334 790 1432 antiqui
813 1349 986 1427 oratores,
1010 1359 1124 1434 quum
1151 1351 1287 1414 ceteras

276 1447 492 1546 eloquentiae
523 1461 656 1546 partes,
689 1459 767 1520 tum
792 1449 1005 1522 memoriam
1032 1447 1079 1520 ad
1105 1449 1290 1548 agendum
1420 1455 1421 1472 ³

275 1573 593 1660 comparaverant3
622 1558 813 1632 sedetiam
831 1557 941 1656 longo
960 1574 1166 1658 temporum
1182 1587 1289 1663 expe·

275 1675 432 1750 nimenta
448 1673 568 1749 edocti
582 1673 763 1763 homines,
783 1676 824 1746 C.
847 1672 941 1746 lulio
964 1674 1101 1748 Victori
1117 1676 1286 1774 aequales,

275 1786 425 1862 sortasse
446 1801 667 1886 agnoverant
685 1785 885 1885 prolectam
906 1810 928 1858 a
949 1787 1135 1862 Simonide
1152 1813 1290 1865 merno-

274 1901 336 1974 rioe
361 1915 500 1995 artem,
533 1901 564 1973 si
582 1898 751 1974 facillimo
778 1914 814 1972 et
840 1898 1025 1974 uberrimo
1051 1903 1292 2001 antiquorum

274 2003 724 2112 quorumdam'oratorum
741 2013 886 2109 ingenio
901 2014 1056 2106 lavisset,
1068 2039 1149 2088 eam
1163 2030 1292 2092 tamem
1422 2067 1423 2078 r

272 2126 389 2202 nimio
415 2127 568 2227 duplicis
595 2125 778 2200 memoriae
806 2123 968 2226 pondere
997 2151 1123 2202 cauma
1144 2128 1289 2228 vulgato

273 2239 473 2315 dicentium
484 2239 600 2312 turbae
609 2238 744 2312 molem
756 2263 833 2312 esse
844 2238 951 2312 nimis
959 2261 1165 2314 onerosum»
1175 2244 1290 2330 Quin-
1423 2337 1424 2342 Ἰ

274 2353 350 2427 imo
359 2357 496 2448 Victor,
504 2379 619 2454 quum
630 2352 884 2427 omnemillsm
894 2354 1077 2428 memoriae
1085 2355 1294 2432 secundum·

275 2466 501 2544 Simonidem
517 2467 656 2542 artificii
674 2465 930 2566 supellectilem
948 2468 1101 2567 spernit,
1121 2468 1290 2544 immuta-

273 2581 434 2657 tionibus
449 2584 487 2656 in
504 2582 695 2657 Rhetorica
715 2583 810 2671 Arte,
830 2605 895 2680 per
910 2605 1026 2656 novas
1042 2582 1293 2656 recentiorum
1424 2609 1425 2654 ι

273 2696 492 2795 scriptorum
503 2698 660 2770 rationes
672 2694 842 2786 inductis,
857 2695 998 2792 siguum
1011 2693 1285 2791 quodammodo

273 2810 489 2908 praenuntiet
507 2824 543 2882 et
571 2810 755 2909 proponit.
779 2811 902 2895 Quum
926 2822 1048 2882 autem
1067 2807 1105 2880 in
1126 2807 1186 2880 hir
1205 2832 1285 2908 qum

274 2923 473 3019 cogitamus
486 2937 522 2996 et
534 2923 571 2996 iu
586 2922 735 3020 hisquae
746 2919 938 3012 scribimus*
947 2920 1156 3013 retinendis,
1171 2922 1285 3010 Quin·

273 3033 416 3108 tiliano¹
441 3034 568 3108 cadem
593 3049 852 3134 praemonente,
880 3033 1035 3108 multum
1068 3034 1293 3110 divisium

275 3143 317 3222 et
340 3147 640 3248 compositionem
669 3147 842 3248 prodesse
859 3149 1061 3249 praedicat'‚
1088 3151 1292 3225 oratorianu

273 3258 407 3334 iterum
434 3262 632 3334 recentium
657 3261 848 3334 rhetorum
880 3261 927 3336 de
958 3262 1134 3335 memoria
1167 3277 1292 3336 artem:

274 3373 463 3474 puecedit3
494 3374 557 3472 qui
573 3399 686 3472 quum
705 3389 740 3446 et
758 3372 903 3447 dicendi
928 3388 963 3448 et
989 3373 1170 3448 scribendi
1192 3399 1285 3474 prm·

274 3500 380 3586 cepta
400 3485 646 3586 expediverint
664 3501 698 3560 et
714 3488 920 3562 arctissimis
943 3501 1107 3562 veterum
1132 3488 1284 3562 vinculis

273 3597 392 3680 soluta
414 3599 662 3692 liberaverint,
681 3600 815 3674 idcirco
828 3601 994 3700 planiora
1011 3616 1049 3674 et
1064 3600 1291 3702 simpliciora

273 3711 513 3786 oratoriarum
530 3713 651 3812 legum
665 3713 767 3788 initia
786 3712 999 3811 eloquentiae
1021 3713 1204 3816 discipulis
1219 3713 1292 3787 ob·-

273 3820 445 3897 tulerunt.

312 4086 341 4146 1.
368 4083 503 4162 Quintil,
517 4089 577 4160 xl,
593 4089 628 4160 Ξ,
644 4089 745 4150 36419.
777 4151 780 4158 ,

311 4175 340 4234 2,
367 4177 399 4238 (l.-
418 4178 443 4240 J.
462 4176 551 4252 Vict,
565 4195 629 4257 cap.
646 4195 741 4252 xxm,
754 4197 783 4258 p.
801 4177 869 4240 111.
