2880 5058
674 403 897 476 -tao-

285 567 398 628 erant.
421 555 511 624 llinc
528 577 613 650 ergo
629 551 748 644 fiebat,
768 567 809 625 ut
824 567 879 625 tot
903 551 1180 650 tamquefutiles
1197 554 1296 625 otio-

284 691 404 740 sarum
420 668 593 740 mentium
610 666 837 764 prolusiones
850 689 892 738 ac
904 665 1052 758 deliciae,
1071 665 1295 738 Gallicorum

286 779 430 852 illorum
463 779 672 872 rhetorum,
700 781 807 854 etiam
832 805 945 878 quum
971 779 1155 852 christiani
1181 803 1205 846 v
1234 805 1299 853 sae·

285 890 368 966 culo
390 893 602 980 evasissent,
637 893 780 990 ingenia
803 905 839 964 et
869 890 986 965 studia
1014 891 1202 964 levissimis
1233 916 1297 964 oc·

287 1005 522 1104 copationum
554 1005 658 1101 nugis
684 1003 900 1078 detinerent.
945 1007 1069 1102 Neque
1105 1003 1174 1076 alia
1211 1028 1298 1076 sane

253 1163 257 1168 =
288 1123 483 1221 exspectari
511 1122 557 1194 ab
581 1120 789 1195 hominibus
807 1137 993 1222 poterant,
1013 1122 1077 1220 qui
1098 1121 1135 1193 in
1162 1121 1297 1194 scholis

284 1235 406 1333 jejuna
421 1251 455 1308 et
469 1235 619 1308 humilia
633 1252 668 1308 et
681 1236 863 1335 pueriliter
876 1236 1092 1310 veteratorie
1105 1234 1297 1308 edocendo

289 1348 606 1422 consenescebant.
637 1354 716 1421 Non
749 1349 850 1446 quod
878 1349 1061 1421 interdum
1090 1349 1216 1420 Gallici
1246 1348 1298 1421 illi

289 1460 451 1534 rhetores
477 1487 551 1534 non
576 1463 702 1535 altiore
724 1461 998 1560 quodammodo
1023 1461 1210 1544 volatuex
1231 1487 1298 1534 an-

290 1576 400 1673 gustis
429 1575 551 1674 patriae
574 1573 705 1646 finibus
738 1589 980 1673 emergerent3
1005 1574 1102 1646 velut
1136 1574 1298 1647 AEmilius

291 1690 440 1782 Magnus
457 1685 515 1758 ille
535 1687 732 1777 Arlrorius¹,
749 1688 894 1758 Ausonii
911 1685 1124 1779 avunculus,
1154 1686 1300 1758 Tolosa·

291 1825 360 1873 nus
379 1801 523 1893 rhetor,
551 1803 613 1900 qui
631 1802 847 1874 rhetoricam
865 1817 978 1875 artem
997 1816 1098 1875 tanto
1116 1803 1217 1874 famae
1233 1801 1300 1872 ho·

292 1939 382 1988 nore
408 1917 505 2015 apud
533 1916 949 2016 Constantinopolitanos
974 1916 1154 2015 professus
1171 1927 1240 2003 est,
1260 1928 1299 1986 ut

294 2031 427 2102 mortui
448 2031 586 2103 cineres
604 2033 859 2104 Constantinus
879 2029 1128 2129 imperatorin
1146 2028 1298 2127 patriam

293 2145 418 2218 reduci
431 2146 599 2242 jusserit3
620 2147 717 2220 velut
739 2145 899 2218 Alethius
928 2144 1148 2232 Minervins’,
1177 2142 1299 2213 rhetor

294 2260 568 2356 Burdigalensis,
587 2263 649 2358 qui
661 2266 781 2333 Romae
793 2261 985 2332 oratoriam
1004 2274 1117 2331 artem
1134 2255 1297 2344 edocuit;

295 2370 393 2442 velut
407 2373 514 2442 ceteri
531 2397 685 2470 quorum
697 2374 756 2445 hic
768 2371 893 2445 altene
908 2373 1055 2444 nomina
1075 2371 1111 2441 in
1127 2383 1298 2469 promptu

296 2496 401 2555 esset.
422 2486 501 2554 Non
519 2485 619 2584 quod
636 2485 852 2584 amplissima
869 2484 1012 2556 Gallicis
1035 2481 1239 2554 oratoribus
1258 2503 1299 2554 ac

296 2593 521 2688 rhetoribus,
549 2599 657 2671 veluti
674 2599 805 2671 Latinis
823 2597 992 2669 omnihus
1008 2595 1154 2668 dicendi
1173 2595 1299 2691 magis-

297 2709 377 2798 tris,
397 2711 541 2808 praemia
559 2737 632 2784 nou
658 2726 964 2812 proponerentur,
989 2712 1062 2782 sive
1081 2709 1161 2808 quis
1175 2709 1298 2781 salaria

297 2823 462 2922 respiciat
476 2849 554 2922 quae
570 2825 840 2898 Theodosiacus
853 2824 985 2896 codcx⁸
1002 2823 1149 2894 diversis
1166 2822 1299 2920 profes-

296 2934 437 3007 soribus
452 2940 626 3034 assignata
643 2939 767 3031 tradit;
786 2938 859 3010 sive
873 2961 996 3008 secum
1018 2935 1231 3007 recordetur
1250 2935 1267 3004 f
1287 2975 1299 2990 ·

297 3049 686 3146 rensemeloquentiam
698 3051 876 3147 (quamvis
887 3064 1087 3147 tantopere,
1100 3048 1145 3120 de
1160 3049 1299 3146 iisquas

267 3237 268 3244 χ
292 3157 451 3234 diximus
468 3162 848 3261 causis,imminutam)
862 3177 897 3234 et
912 3164 1020 3236 etiam
1037 3163 1201 3234 oratoriae
1218 3163 1299 3234 artis

291 3273 571 3372 professionem,
600 3301 636 3350 rv
657 3278 800 3370 secuto,
826 3277 871 3350 ad
891 3303 1052 3350 summos
1072 3276 1246 3368 honores,
1266 3290 1300 3348 et

289 3390 942 3486 provinciarumadministrationem,
963 3407 998 3464 et
1017 3392 1199 3491 praetorias
1218 3415 1300 3489 prae·

291 3499 461 3595 lecturas,
481 3518 516 3576 ct
534 3509 630 3578 varia
647 3499 851 3605 principum
868 3505 990 3606 palatii
1008 3528 1159 3576 munera
1173 3529 1300 3604 prove·

290 3611 384 3687 herc
411 3641 486 3688 esse
515 3635 745 3710 consuetam;
771 3621 861 3714 sive,
882 3621 975 3692 inter
1010 3633 1126 3692 cetera
1152 3618 1300 3690 laudum

296 3725 520 3821 testimonia,
538 3729 725 3828 epistolam
745 3729 982 3804 aTheodosio
1001 3729 1151 3826 Magno⁸
1165 3727 1209 3800 ad
1232 3732 1298 3799 Au·

337 3908 367 3963 l.
390 3907 500 3964 huson.
515 3905 684 3983 Professor„
698 3911 781 3966 XVII

336 3997 366 4052 a.
388 3994 596 4070 rd.ttre.,v1.

335 4087 365 4144 3.
391 4084 462 4143 Cod.
477 4085 602 4160 Theod,
618 4085 669 4144 lib.
686 4089 776 4160 Xlll,
793 4085 835 4144 tit.
854 4089 888 4158 3,
905 4090 954 4146 ll.

332 4180 363 4236 4.
385 4181 464 4238 lnter
479 4182 588 4238 huson.
604 4182 704 4256 Eptgr.
