2880 5058
671 385 869 460 ..gs-

262 535 477 636 longinquas
486 533 688 635 provincias
702 531 973 626 commercium,
987 552 1086 604 nune
1100 527 1177 602 alite
1187 529 1270 604 aliis

264 650 449 742 derebus,
467 664 531 721 aut
556 648 751 746 voluptatis
768 645 814 720 ab
839 645 1066 742 ingeniomm
1083 643 1269 716 oonsooia.

263 765 362 835 tione
375 763 490 834 ducrae
502 776 564 833 aut
577 759 845 832 commoditatis
858 757 1269 846 causa,communitates

262 877 475 964 effecerant,
504 889 548 946 ut
571 872 738 972 epistolas
765 869 1017 944 conscribendi
1043 867 1269 942 consuetudo

263 988 418 1060 multum
445 988 598 1060 Victoris
622 1011 698 1058 aevo
723 985 1022 1082 frequentaretur.
1043 981 1148 1054 Unde
1169 981 1270 1054 facile

262 1102 471 1199 intelligitur
483 1125 594 1199 quare
611 1102 820 1172 Victornon
839 1099 980 1170 minore
998 1111 1084 1170 cura
1102 1096 1268 1194 epistola·

232 1299 234 1306 Ι
262 1237 358 1306 rum,
377 1237 486 1312 quam
502 1213 689 1302 sermonis,
708 1213 855 1310 propria
869 1211 1034 1308 quaedam
1051 1223 1087 1282 et
1101 1233 1269 1282 nonnun·

263 1349 371 1426 quam
381 1328 489 1398 etiam
503 1326 643 1421 vulgate
654 1338 828 1424 praecepte
843 1324 1039 1396 tradiderit.
1055 1327 1269 1419 Quanquam

262 1439 301 1514 id
322 1440 458 1516 rhetori
478 1453 602 1511 nostro
628 1437 904 1511 concedendum
934 1451 1002 1527 est,
1026 1436 1159 1508 scilieet
1186 1459 1269 1508 eum

262 1554 382 1624 minus
398 1551 578 1624 obsoletas
596 1565 631 1622 et
643 1549 807 1647 vulgares
825 1549 980 1622 docendi
992 1549 1148 1620 rationes
1167 1548 1270 1620 novis

262 1665 477 1764 quibusdam
504 1679 540 1735 et
567 1687 652 1736 vere
675 1664 869 1759 ingeniosis
898 1661 1270 1736 animadversionibus

261 1778 320 1850 hic
349 1777 615 1870 immiscuisse,
646 1799 757 1874 quem
792 1777 829 1848 in
862 1775 905 1848 iis
934 1799 1015 1873 quae
1036 1775 1084 1849 de
1103 1795 1270 1848 semrom

262 1891 418 1989 scripsit.
442 1892 480 1961 Si
501 1892 599 1963 enim
621 1889 834 1990 paucissima
857 1890 1030 1989 excipias,
1052 1889 1172 1988 qualia
1188 1901 1271 1962 sunt

261 2003 342 2076 loca
367 2005 551 2102 qutodam3
572 2004 629 2076 uel
653 2003 744 2077 illud
770 2005 979 2094 consilium,
999 2028 1075 2101 quo
1100 2003 1271 2074 admonet

261 2115 486 2216 prefationes
517 2141 559 2190 ac
587 2116 867 2216 subscriptiones
892 2117 1090 2189 litter-erum
1117 2140 1269 2215 eompus

261 2231 390 2304 tendas
404 2255 480 2304 esse
506 2255 575 2329 pro
602 2230 807 2302 discrimine
836 2230 998 2302 amicitie
1013 2243 1076 2302 aut
1092 2228 1271 2324 diguitatis

262 2344 357 2440 (quse
376 2345 482 2415 etiam
507 2342 578 2414 dici
596 2357 745 2438 possent
760 2343 895 2442 optime
916 2357 1057 2414 aetatem
1073 2340 1172 2414 illem
1188 2341 1270 2413 llio-

262 2457 350 2527 toris
371 2471 406 2527 et
430 2454 523 2527 illius
547 2479 666 2528 mores
689 2456 821 2528 referre
846 2458 910 2529 aevi
934 2455 1017 2549 ubi,
1035 2456 1271 2528 Constantino

263 2573 426 2661 auctore,
447 2582 502 2640 tot
515 2567 729 2665 dignitatum
750 2569 843 2642 tituli
866 2571 901 2640 in
920 2569 1016 2662 aula,
1033 2572 1071 2642 in
1092 2570 1271 2669 rescriptis

263 2681 1268 2783 omnibusobseruatisuntetprimumedhibiti);velhoe,

257 2795 300 2868 in
308 2819 382 2894 quo
395 2777 530 2869 litteras
542 2796 674 2894 quibus
682 2797 880 2896 respondes
895 2821 968 2896 prae
978 2821 1085 2869 manu
1095 2821 1270 2896 esseprae·

266 2910 367 3007 cipit,
388 2910 542 3007 nequid
561 2910 619 2982 cui
636 2913 822 3010 responsio
841 2935 933 3008 opus
949 2912 1008 3001 sit,
1028 2909 1074 2982 de
1097 2910 1271 2984 memoria

256 3023 403 3113 antean
425 3025 595 3121 pleraque
609 3025 726 3097 ultimi
739 3026 795 3096 sui
810 3025 934 3124 capitis
951 3039 1127 3123 praecepta
1140 3025 1187 3097 de
1199 3025 1271 3124 epi·

262 3136 364 3208 stolis
380 3137 504 3207 Victor
527 3139 783 3208 sententiarum
804 3137 1071 3235 verborumque
1092 3140 1271 3238 composi·

257 3250 372 3322 tionis
389 3249 466 3321 utili
480 3265 519 3320 'et
531 3235 693 3346 jucunda
710 3250 869 3322 novitate
885 3250 1058 3322 distinxit.

314 3368 353 3436 ln
371 3386 442 3461 qua
457 3364 638 3462 praecipua
657 3363 747 3452 haec,
767 3387 846 3462 quae
869 3379 1081 3461 sequuntur,
1101 3362 1271 3438 animad*

254 3477 435 3551 ‘vertenda
467 3499 544 3549 esse
576 3477 787 3550 existimari.
822 3480 927 3549 Recte
957 3477 1060 3548 initio
1093 3493 1270 3551 asseverat

263 3590 387 3660 ¹llictor
421 3590 580 3690 epistolis
605 3590 718 3662 multa
743 3613 870 3662 eorum
898 3591 1092 3664 convenire
1119 3615 1199 3688 quae
1224 3592 1270 3664 de

205 3755 207 3762 .
254 3721 429 3773 'sermone
443 3718 620 3802 praecepta
638 3718 733 3775 sunt.
757 3705 837 3776 Non
863 3704 963 3800 quod
990 3707 1112 3776 omnia
1128 3704 1269 3804 utrique

255 3817 385 3910 'generi
407 3818 613 3890 communie
632 3816 708 3890 fieri
723 3840 829 3915 posse
846 3816 1054 3909 arbitretur,
1081 3820 1143 3916 qui
1160 3817 1268 3917 paulo

262 3925 355 3998 infra
378 3928 506 4000 merito
525 3927 653 3999 dixerit
676 3955 740 4001 cur
762 3929 922 4002 cavenda
943 3931 986 4002 sit
1002 3933 1114 4030 magis
1132 3931 1268 4006 obscu-

262 4035 346 4112 ritas
370 4039 411 4113 in
426 4040 604 4140 epistolis,
624 4067 734 4141 quam
753 4041 789 4115 in
818 4041 1106 4120 sermocinando.
1128 4049 1268 4135 Quam·-

263 4150 402 4244 obrem,
416 4155 444 4225 si
460 4155 602 4253 penitus
616 4158 802 4230 materiam
819 4157 1029 4257 inspexeris,
1047 4185 1124 4234 nou
1140 4160 1205 4235 tibi
1220 4159 1267 4237 de
