2866 5056
591 377 763 450 ..9-

173 579 308 654 quens,
338 552 490 648 Gorgiae,
530 553 723 644 Aristoteli,
743 557 985 652 Hermagorae,
1005 556 1120 629 Tullio
1143 574 1179 631 et

173 668 395 754 Quintiliano
415 666 543 738 Titiani
569 690 702 738 nomen
731 667 924 763 subjungit,
945 670 1046 764 cujus
1066 699 1084 738 a
1103 671 1179 743 the-

173 794 270 852 mata
286 779 466 853 rhetorica
485 794 521 852 et
537 761 796 852 controversias
816 782 958 852 Servius
973 783 1096 855 laudat
1111 787 1133 854 ¹.
1157 813 1175 852 a

172 892 261 969 lnde
275 892 315 964 fir
332 908 371 965 ut
384 893 477 964 Maio
496 891 660 964 videatur
675 892 844 981 Titianus,
859 919 898 964 ιιι
916 894 1033 966 saeculi
1049 894 1175 988 homo,

172 1005 247 1077 sive
270 1007 299 1077 is
322 1021 423 1104 pater
445 1020 512 1095 est,
536 1005 610 1077 sive
635 1004 728 1076 filius
748 1005 827 1102 (sed
844 1006 945 1102 prior
959 1009 1096 1104 potius,
1116 1011 1180 1107 qui

172 1117 267 1191 sama
282 1119 413 1190 clarior
425 1120 460 1188 in
474 1117 651 1189 rhetorica
666 1133 741 1189 arte
753 1118 945 1213 excelluit),
965 1133 1059 1191 secta
1074 1126 1180 1193 Fron·

171 1231 377 1319 tooianus’,
401 1231 429 1302 is
451 1229 555 1301 foisse
574 1228 717 1300 dicendi
744 1229 922 1324 magister,
949 1253 993 1300 ex
1016 1255 1091 1327 quo
1112 1231 1180 1302 sibi

171 1357 351 1441 praecepta
378 1342 539 1438 quaedam
570 1346 610 1412 C.
647 1341 759 1413 Julius
786 1342 910 1412 Victor
940 1342 1175 1441 deprompsit.

172 1455 280 1544 Quod
298 1457 328 1528 si
341 1454 447 1526 nobis
464 1479 597 1527 novam
613 1456 791 1526 rationem
804 1455 931 1526 allerre
951 1455 1031 1527 licet
1048 1481 1113 1528 cur
1126 1457 1181 1529 Ti·
1270 1501 1271 1506 =

172 1568 291 1640 tianus
314 1570 372 1641 ille
388 1569 521 1658 senior,
542 1569 687 1640 Latinus
705 1567 837 1642 scilicet
858 1568 994 1660 rhetor,
1018 1552 1179 1669 exempla

173 1705 251 1777 quae
267 1682 316 1753 ad
335 1680 593 1780 compendium
613 1705 718 1752 suum
736 1682 1028 1754 accommodaret
1047 1685 1213 1771 Victori„

172 1793 366 1890 praebuisse
394 1796 536 1892 potius,
558 1818 668 1891 quam
683 1794 850 1866 Tatianus
876 1795 934 1867 ille
960 1799 1104 1870 Graecus
1120 1823 1179 1872 so·

171 1905 309 2003 phista‚
329 1907 504 1980 dicendus
520 1909 576 1996 sit,
595 1906 642 1978 ad
659 1905 697 1977 id
718 1908 935 2002 conjecturae
945 1906 1097 1980 libenter
1122 1933 1179 1983 me

172 2019 305 2117 impelli
318 2020 535 2118 praedicabo,
547 2020 647 2117 quod
665 2020 785 2090 Victor
798 2020 940 2092 Latinos
953 2023 1180 2118 potissimum

173 2133 256 2204 artis
274 2133 460 2205 rhetoricae
481 2134 672 2230 scriptores
686 2130 755 2203 sibi
772 2133 931 2204 assumit.
953 2137 1075 2230 ltaque
1091 2139 1179 2205 Her·

172 2267 354 2339 magoram
373 2246 492 2344 ipsum
510 2246 573 2342 qui
584 2247 709 2316 Graeco
724 2269 890 2316 sermone
904 2259 1079 2343 praecepta
1091 2270 1180 2317 con-

172 2354 311 2452 scripsit
321 2356 495 2442 oratoria,
516 2369 639 2425 noster
650 2354 798 2425 fortasse
816 2355 946 2452 attigit,
963 2354 1025 2427 sed
1048 2358 1179 2428 Roma-

172 2489 239 2538 nos
262 2481 324 2566 aut
343 2468 520 2566 praecipue
534 2482 595 2539 aut
610 2463 715 2539 unice
739 2468 902 2540 rhetores
919 2469 1087 2568 perlegit;
1118 2471 1180 2567 qui

173 2603 265 2678 saepe
287 2579 332 2651 ab
351 2581 515 2678 exemplo
544 2581 725 2653 Ciceronis
751 2580 863 2678 ipsius
891 2579 1176 2680 proticiscenteS,

172 2695 418 2790 Hermagoreae
435 2695 605 2766 doctrinae
627 2694 803 2766 rationem
825 2708 861 2764 et
884 2694 1028 2765 inventa
1044 2695 1084 2767 in'
1099 2719 1180 2767 ver·

172 2805 338 2877 naculam
366 2805 525 2902 linguam
557 2818 820 2878 converterant.
857 2797 1052 2899 Diligenter
1083 2805 1180 2878 enim

172 2916 325 2988 Victoris
357 2942 449 3016 opus
481 2916 633 2988 intuenti
673 2915 784 2988 lacilis
812 2915 968 3014 suspicio
1003 2916 1180 2988 enascitur

173 3031 316 3101 Graecos
327 3042 490 3101 auctores
508 3051 599 3126 quos
613 3028 743 3127 passim
759 3027 940 3116 nominat,
956 3026 1027 3099 lere
1039 3041 1180 3126 semper

172 3142 373 3234 Victorem,
394 3166 470 3214 non
491 3167 534 3215 ex
555 3142 701 3214 illorum
728 3140 898 3228 fontibus,
925 3141 964 3212 id
991 3155 1043 3214 est
1069 3165 1179 3237 graece
1229 3162 1235 3175 ·

173 3255 310 3352 scriptis
335 3254 523 3354 operibus,
548 3278 591 3326 ea
615 3279 694 3351 quoe
718 3252 833 3341 dicat,
853 3253 1028 3345 educere,
1054 3255 1118 3326 sed
1138 3255 1180 3327 iis

172 3364 384 3464 plerumque
407 3367 459 3436 uti
475 3390 539 3463 per
567 3366 710 3436 Latinos
727 3378 890 3437 auctores
913 3390 932 3438 e
953 3370 1078 3437 Graeco
1105 3390 1178 3437 ser·

174 3503 284 3550 mone
296 3479 332 3550 in
347 3482 549 3551 Romanum
560 3476 751 3549 translatis.

223 3596 389 3665 Ceterum
401 3593 501 3691 parvi
515 3593 659 3664 interest
671 3591 860 3689 quomodo
878 3593 1051 3663 rationem
1066 3589 1180 3662 inter-

174 3699 341 3803 preteris,
361 3729 432 3804 qua
456 3705 578 3779 rhetor
595 3720 716 3778 noster
733 3705 779 3779 ad
801 3704 1006 3778 inchoatam
1024 3703 1091 3776 sibi
1110 3728 1180 3777 ma·

174 3819 300 3890 teriam
324 3819 455 3917 Aquilii
484 3834 548 3892 aut
574 3818 722 3916 Aquilae,
751 3819 1012 3905 Marcomanni,
1041 3817 1179 3890 Tatiani

213 4059 244 4116 l.
269 4057 322 4115 Ad
332 4061 411 4125 Ea..
426 4058 471 4129 X,
487 4058 536 4132 ta,

213 4148 244 4205 2.
268 4145 325 4208 Adi
343 4145 469 4220 Maium,
492 4145 576 4204 Praet.
594 4147 680 4204 Rom.
697 4147 809 4218 From„
825 4164 856 4226 p.
873 4148 922 4206 25.
