2880 5058
556 367 755 436 ...97-

146 517 369 606 Cornelium,
393 514 455 614 qui
480 539 534 587 res
557 516 631 613 ejus
654 515 811 588 absentis
831 519 1018 593 curabant.
1035 526 1076 593 In
1098 523 1154 598 lris

145 631 304 730 epistolis
319 627 534 728 quibusdam
545 629 582 699 in
599 628 687 701 locis
704 631 936 704 inveniuntur
948 634 1070 707 litterae
1084 639 1155 710 sin·
1235 693 1237 698 -

145 746 290 842 gulariae
306 745 383 817 sine
407 745 626 840 coagmentis
642 743 872 842 syllabarum,
892 772 982 844 quas
996 763 1036 820 tu
1051 766 1154 848 putes

144 861 283 958 positas
299 857 501 950 incondite;
521 882 606 930 nam
623 858 732 930 verba
750 883 791 930 ex
809 859 865 930 his
881 861 1006 934 litteris
1025 865 1155 939 confici

144 973 247 1068 nulla
256 987 419 1072 possunt.
432 977 516 1045 Erat
525 987 643 1045 autem
653 988 873 1046 conventum
885 976 977 1048 inter
988 1003 1051 1049 eos
1062 982 1156 1054 clan-

146 1085 330 1158 destinum
354 1085 399 1159 de
425 1087 684 1158 commutando
710 1092 781 1158 situ
806 1089 1024 1184 litterarum;
1053 1109 1094 1165 ut
1118 1096 1154 1168 in

146 1201 282 1298 scripto
303 1198 451 1297 quidem
473 1201 541 1272 alia
562 1201 772 1272 aliaelocum
796 1216 832 1274 et
851 1228 984 1275 nomen
1003 1221 1153 1300 teneret,

145 1301 210 1386 sed
227 1315 263 1384 in
286 1314 439 1410 legendo
456 1315 558 1386 locus
574 1315 704 1413 cuique
723 1342 808 1388 suus
824 1332 860 1389 et
876 1333 1033 1416 potestas
1055 1322 1155 1392 resti·

145 1443 325 1521 tueretur3
341 1452 507 1527 quaenam
523 1454 609 1500 vero
626 1428 743 1502 littera
758 1456 826 1530 pro
841 1457 914 1530 qua
928 1428 1152 1527 subderetur,

145 1551 229 1614 ante
254 1543 311 1632 iis,
334 1544 437 1614 sicuti
462 1543 549 1636 dixi,
575 1543 834 1642 complacebat,
861 1546 924 1642 qui
949 1546 1044 1618 hanc
1069 1549 1156 1618 scri·

144 1653 258 1746 bendi
274 1655 446 1728 latebram
459 1653 648 1755 parabant.
665 1659 725 1728 Est
744 1656 835 1728 adeo
848 1658 956 1729 Probi
981 1681 1156 1757 gramma-

145 1769 207 1839 tici
232 1769 511 1842 commentarius
539 1770 622 1840 satis
645 1771 786 1843 curiose
813 1771 924 1842 lactus
939 1775 992 1844 De
1016 1774 1157 1848 occulta

144 1881 344 1955 litterarum
381 1883 643 1978 significatione
676 1884 907 1981 epistolarum
940 1890 980 1956 C.
1012 1890 1186 1961 Caesaris.

144 1997 415 2095 scriptarum.»
444 1998 598 2068 Tertiam
631 1999 902 2069 annotationem
934 2021 1014 2070 eam
1041 2000 1157 2073 obiter

144 2109 416 2202 collocabimus,
432 2136 504 2208 qua
517 2111 745 2207 sagacitatem
762 2111 916 2182 rhetoris
932 2114 1045 2183 nostri
1062 2139 1157 2184 corn-

143 2223 359 2322 probemus,
379 2224 502 2322 paucis
523 2223 731 2321 explicantis
744 2227 767 2316 ¹,
788 2248 899 2322 quare
916 2240 952 2296 et
968 2225 1155 2322 quomodo

143 2337 182 2408 in
201 2337 349 2436 epistola
371 2336 530 2409 cavenda
552 2338 663 2432 magis
687 2335 885 2410 obscuritas
909 2341 966 2432 sit,
987 2363 1096 2437 quam
1117 2343 1154 2412 in

145 2451 308 2522 oratione
324 2466 386 2522 aut
405 2451 442 2521 in
460 2449 753 2522 sermocinando
772 2455 946 2539 Quartam
971 2478 1056 2524 vero
1078 2455 1155 2528 ani·

143 2564 434 2636 madversionem
463 2564 509 2635 de
542 2562 723 2636 variandis
754 2564 985 2663 epistolarum
1016 2566 1154 2639 modis²

142 2677 344 2750 secundum
368 2679 465 2750 varia
481 2701 718 2777 personarum
735 2702 887 2775 genera,
904 2679 950 2750 ad
965 2705 1053 2776 quas
1074 2681 1155 2752 mit-

142 2805 279 2882 tentur,
292 2793 329 2862 in
347 2817 391 2864 eo
403 2817 582 2891 ponemus
599 2805 639 2862 ut
656 2792 783 2862 merito
799 2816 1041 2862 asseveremus
1052 2793 1154 2863 Cice-

141 2909 243 2978 ronis
255 2905 422 3004 epistolas
432 2905 533 2976 omni
546 2930 587 2976 ex
602 2919 702 3002 parte
713 2905 759 2975 iis·
768 2904 987 3002 respondere
1005 2930 1083 3002 quae
1097 2905 1155 2976 lric

141 3019 345 3120 expostulat
359 3021 494 3091 Victor.
517 3018 620 3090 Nulla
641 3018 737 3089 enim
755 3043 830 3088 nou
852 3043 974 3090 rerum
994 3017 1154 3090 dicendi·

140 3159 215 3231 que
240 3135 437 3204 formarum
468 3132 652 3204 diversitas
673 3131 711 3202 in
734 3131 801 3202 illis
829 3133 950 3204 enitet.
977 3133 1158 3221 Quocirca

144 3263 222 3320 tum
232 3250 269 3319 in
285 3247 491 3346 negotiosis,
507 3261 584 3317 tum
602 3246 639 3317 in
655 3244 888 3317 familiaribus
900 3246 1025 3317 litteris
1038 3248 1151 3340 omni,

142 3362 240 3434 utita
249 3361 380 3452 dicam,
390 3360 649 3432 sententiarum
659 3358 926 3456 verborumque
936 3359 1153 3433 flexibilitate

142 3491 179 3547 et
195 3474 360 3547 facilitate
373 3488 408 3546 et
419 3472 618 3545 mobilitate
631 3486 665 3542 et
678 3473 784 3570 copia
795 3489 830 3544 et
844 3472 984 3545 infinita
996 3473 1154 3570 quadam

141 3579 313 3656 uarietate
327 3584 418 3656 adeo
436 3585 563 3654 Cicero
581 3582 733 3674 excellit,
750 3597 789 3654 ut
805 3609 889 3655 eum
905 3585 1054 3655 unicum
1070 3610 1154 3656 vere

138 3693 405 3798 praeceptorum
423 3721 574 3767 suorum
586 3694 632 3766 de
643 3696 799 3793 epistolis
814 3696 1020 3796 exemplum
1030 3697 1153 3769 Victor

142 3809 556 3911 proposuissevideatur.
566 3811 635 3880 Seu
646 3810 906 3906 gratulatorias,
916 3811 1153 3884 scuconsola-

182 4070 213 4127 t.
239 4068 272 4127 C.
288 4069 315 4127 J.
332 4065 424 4138 vtes,
439 4085 504 4144 cap.
521 4085 620 4139 xxm,
636 4085 667 4143 p.
684 4065 831 4136 tat-125.

181 4165 214 4224 2.
235 4161 326 4237 thid,
346 4181 409 4242 cap.
427 4163 661 4241 xxv11,p.125.
