2880 5058
559 392 783 464 -ttt-

164 557 362 643 precepto,
377 567 458 641 qne
474 542 611 616 deinde
626 541 771 615 dicendi
783 542 963 638 magister,
982 556 1045 614 eut
1060 541 1176 614 irreli-

165 681 244 754 quo
261 682 282 730 e
298 657 578 754 gymnasiisquae
590 671 676 728 tnnc
688 655 789 754 apud
798 655 1108 726 Gellosllorebent
1118 677 1178 726 ex·

164 769 344 868 planaret,
364 783 426 844 aut
441 795 536 867 quse,
555 769 693 840 alumni
718 768 907 864 cujusdem
928 791 1071 840 smnmo
1093 767 1177 839 loco

102 927 104 932 ·
166 883 241 954 orti
263 897 324 954 eut
347 883 456 957 etiarn
484 879 656 981 principis
684 882 816 977 gretie,
836 881 1002 972 eruditus
1027 881 1177 954 omnin

166 993 300 1066 doctor
308 995 394 1066 uiro
406 1019 472 1068 ore
489 994 665 1067 dilataret.
681 995 745 1064 Cui
755 995 818 1091 qui
831 993 1037 1092 suspicandi
1049 993 1181 1066 rationi

166 1111 475 1208 sull'mgeretur,is
489 1111 573 1184 inde
584 1111 795 1208 intelligeret
808 1137 877 1182 cur
889 1111 984 1182 adeo
992 1133 1120 1209 pauca,
1132 1135 1180 1182 ne

166 1223 301 1311 dicam,
323 1224 439 1313 nulle,
455 1238 659 1322 temporum
677 1249 827 1296 suornm
842 1225 997 1322 propriae
1009 1224 1180 1320 eloquen-

120 1383 123 1388 -
167 1337 638 1436 tiaevestigie,inoperesuo
649 1337 988 1434 consignatullictor
998 1336 1180 1408 memmiae

166 1449 371 1522 tradiderit.
400 1455 564 1547 Namque
590 1476 704 1547 qutun
734 1451 773 1522 id
805 1475 898 1548 opus
925 1445 1179 1520 tantummode

167 1577 340 1660 congesta
358 1563 552 1654 contineat,
573 1588 651 1658 quae
678 1563 826 1634 fortasse
849 1561 1069 1632 Gallicorum
1091 1560 1180 1632 alio·

167 1700 252 1746 rum
267 1700 382 1766 more,
397 1690 520 1747 noster
536 1701 556 1746 e
572 1674 722 1746 diversis
735 1674 938 1746 rhetoribus
951 1699 992 1746 ac
1003 1675 1181 1773 praecipue

166 1788 284 1860 Tullio
301 1803 337 1859 et
350 1792 397 1859 M.
417 1788 527 1860 Fabio
547 1803 781 1886 excerpserat,
800 1781 918 1885 neque
935 1787 993 1860 vel
1019 1789 1056 1858 in
1081 1789 1180 1884 cogi·

167 1901 308 1972 tatione
325 1898 382 1972 vel
395 1901 554 1972 dictione
565 1901 758 1997 quicquam
770 1924 884 1998 prope
897 1899 1010 1996 quod,
1025 1925 1067 1972 ex
1077 1927 1183 1999 pecu-

165 2011 250 2084 liari
261 2038 326 2084 suo
340 2014 485 2110 ingenio
497 2013 926 2114 deprompserit,babeat,
935 2014 1059 2085 Victor
1070 2038 1181 2112 prop-

94 2141 96 2148 '
166 2139 268 2198 terea
281 2126 318 2196 id
331 2127 404 2198 sere
416 2153 594 2225 nusquam
606 2129 642 2198 in
657 2129 779 2199 animo
789 2127 958 2199 babuisse
967 2127 1037 2198 dici
1047 2141 1178 2224 potest,

167 2253 212 2312 ut
231 2238 396 2334 quiedam
407 2243 507 2312 omni
522 2267 564 2312 ex
578 2257 678 2339 parte
692 2240 911 2312 didascalico
930 2254 966 2310 et
981 2238 1182 2336 exilioperi

168 2375 239 2424 suo
259 2368 436 2451 praecepta
454 2368 489 2425 et
504 2353 666 2452 exempla
687 2355 870 2442 insereret,
883 2378 962 2449 quae
975 2351 1134 2425 vividam
1147 2367 1184 2424 et

169 2467 349 2540 sinceram
374 2468 439 2537 aevi
465 2467 519 2538 sui
546 2467 758 2563 eloquentiae
785 2466 940 2563 effigiem
959 2466 1110 2564 posteris
1128 2491 1183 2538 re·

167 2578 390 2676 linquerent.
411 2585 486 2678 Ego
505 2596 638 2670 autern,
659 2596 699 2651 ut
715 2605 790 2651 non
808 2580 959 2651 omnino
973 2580 1077 2650 istem
1096 2603 1183 2650 con·

167 2693 318 2790 jecturae
346 2695 524 2765 rationem
553 2693 797 2793 repellendam
830 2718 906 2764 esse
933 2691 1105 2781 arbitror,
1134 2692 1185 2763 ita

173 2804 283 2904 plane
300 2810 340 2876 C.
361 2806 493 2877 Julium
510 2807 692 2878 'Victorem
709 2805 886 2878 affirmare
906 2805 1040 2896 ausim,
1063 2805 1092 2876 si
1107 2830 1183 2877 non

100 2945 102 2948 ·
173 2919 326 2991 omnino
338 2918 571 2992 scholasticus
583 2919 696 2992 bomo
707 2920 845 3010 fuisset,
858 2943 926 3013 nec
943 2918 1183 2992 inutilisCice·

173 3034 334 3106 ronianae
348 3049 451 3106 sectoe
464 3035 595 3125 fautor,
611 3037 647 3106 in
659 3033 840 3106 umbratili
850 3047 1025 3132 perpetuo
1038 3033 1184 3106 vivendi

177 3171 309 3245 genere
327 3145 553 3244 obscureque
572 3149 736 3220 oratoriae
753 3147 948 3245 disciplinae
964 3147 1185 3245 professione

175 3259 434 3348 consenuisset,
455 3259 614 3331 loturum
632 3261 736 3332 luisse
759 3277 797 3332 ut
816 3261 1057 3362 frequentiora
1074 3259 1185 3332 aetatis

175 3399 249 3446 suae
260 3388 444 3445 oratorum
456 3389 490 3444 et
504 3373 716 3471 eloquentiae
728 3374 874 3464 indicia,
887 3374 994 3445 etiarn
1009 3374 1044 3444 in
1059 3373 1185 3469 jejuno

178 3486 375 3558 Rhetoricae
387 3488 474 3558 Artis
487 3487 719 3585 compendio,
734 3488 931 3586 sparsisset.
943 3485 1051 3574 Quod
1063 3486 1093 3558 si
1109 3509 1186 3557 non

177 3599 409 3695 neglexisset,
440 3599 615 3671 evenisset
642 3601 804 3697 prolecto
840 3614 880 3670 ut
909 3599 1062 3670 Victoris
1095 3597 1187 3670 liber

177 3712 311 3802 utilius,
330 3737 440 3811 quam
454 3737 570 3804 nunc,
586 3728 621 3784 et
637 3713 858 3811 panegyricis
872 3712 1094 3784 Gallicorum
1108 3735 1188 3783 ora-

178 3840 300 3897 torum
331 3826 569 3917 dictionibus,
596 3842 630 3897 et
654 3827 760 3898 variis
786 3826 933 3896 Ausonii
961 3824 1132 3923 operibus
1152 3837 1189 3896 et

180 3943 226 4026 Q.
250 3939 378 4010 Aurelii
395 3940 600 4036 Symmachi
612 3940 771 4037 epistolis
788 3955 824 4011 et
839 3943 880 4011 C.
903 3939 1040 4010 Sidonii
1057 3935 1189 4035 Apolli·

179 4053 277 4124 naris
294 4069 328 4125 et
344 4055 501 4126 Ennodii
515 4054 748 4126 miscellaneis
766 4053 886 4146 libris,
902 4069 937 4125 et
951 4052 1076 4124 ceteris
1093 4063 1187 4122 cete·
1256 4104 1261 4112 .

180 4190 305 4238 rornm
316 4169 546 4263 testimoniis,
561 4169 666 4265 adjici
680 4169 868 4268 potuisset,
890 4182 1072 4238 utnovam
1087 4162 1189 4261 quasi
