2880 5058
553 337 776 404 *tet-

156 482 318 554 Gallicas
342 499 505 554 oratores
517 498 556 553 et
571 483 764 580 scriptores
789 483 969 554 imbuisse.
990 487 1162 582 Namque,

156 609 201 668 nt
214 595 392 692 singulos,
415 610 489 665 tres
511 593 620 666 hosce
636 596 753 687 viros,
773 611 977 694 temporum
1000 599 1165 670 ordinem

74 711 77 718 ’
155 723 323 796 secutus,
344 731 643 798 commemorem,
660 707 792 783 Plinius
816 708 963 778 ‘iunior
981 709 1017 778 in
1035 735 1107 781 una
1123 735 1165 782 ex

154 819 319 917 epistolis
329 818 600 908 laeterividetur‚
615 820 717 917 quod
725 843 835 917 opera
845 845 907 890 sua
915 821 1034 916 jamin
1042 822 1167 893 Galliis

155 933 340 1006 celebrata
353 933 462 1028 vulgo
478 934 772 1030 Lugdunensium
801 933 966 1004 manibus
990 947 1162 1008 terantur.

100 1134 104 1138 ,
152 1056 231 1142 Qui
252 1069 354 1126 tanta
370 1054 542 1152 deinoeps
568 1055 679 1144 lama,
704 1054 802 1152 apud
819 1067 982 1151 posteros
1001 1055 1167 1128 Plinianae

159 1167 343 1265 elegantiae
359 1191 400 1240 ac
412 1169 607 1240 ventastatis
622 1169 779 1258 facilius,
802 1193 912 1264 quam
920 1167 1088 1238 Tullianae
1105 1191 1166 1238 co·

156 1283 227 1381 piae
239 1297 276 1353 et
293 1284 469 1353 varietatis
479 1281 714 1369 aemulatores,
730 1281 898 1369 effloruit,
913 1295 951 1351 ut
968 1305 1042 1350 non
1055 1279 1166 1351 modo

152 1395 415 1492 Symmachus,
435 1394 642 1482 sedetiam,
675 1409 712 1464 ut
740 1394 849 1492 paulo
863 1419 971 1491 supra
988 1393 1164 1483 diximus,

161 1506 380 1604 Apollinaris
418 1519 541 1578 noster
574 1505 724 1601 assiduis
755 1507 969 1578 ‚Secundum
1011 1506 1168 1600 vestigiis

158 1619 302 1715 insequi
322 1620 522 1708 tentaverit,
543 1635 650 1717 atque
668 1621 773 1692 etiam
787 1619 891 1690 Plinii
911 1619 957 1690 ad
978 1619 1167 1690 familiares

158 1731 394 1831 epistolarum
406 1731 518 1804 libros
534 1757 685 1804 numero
694 1733 882 1829 adaequare
896 1732 1064 1821 voluerit;
1078 1732 1168 1804 sicut

158 1860 265 1917 antea
284 1851 329 1933 Q.
350 1847 585 1944 Symmachus
603 1848 751 1935 lecerat,
775 1847 837 1942 qui
862 1861 1042 1946 praeterea‚
1066 1845 1168 1921 l‘liuii

158 1959 283 2052 instar,
312 1960 493 2032 decimum
522 1962 568 2032 ad
610 1962 789 2058 principes
814 1959 1011 2030 litterarum
1036 1957 1168 2029 librum

158 2071 370 2168 subjecerat.
394 2079 529 2146 Fronto
552 2089 671 2146 atatem
701 2089 836 2144 tantam
863 2073 929 2143 sibi
956 2071 1192 2168 eloquentiaet

157 2183 303 2257 laudam
326 2186 423 2284 apud
438 2187 581 2258 Latinos
598 2187 791 2287 Gallosque
809 2199 1007 2285 pepererat,
1033 2199 1072 2254 ut
1096 2187 1166 2254 Eu-

155 2299 301 2372 menius
325 2301 656 2395 Augustodunensis
681 2301 739 2371 ille
758 2300 893 2387 rhetor,
913 2297 1168 2396 panegyricum

155 2413 373 2483 Constantio
387 2413 514 2484 Caesari
533 2413 670 2483 dictum
682 2414 848 2502 recitans,
860 2435 934 2481 non
950 2411 1025 2480 liaec
1042 2409 1087 2480 de
1106 2408 1167 2480 illo

154 2521 279 2596 dicere
293 2523 509 2596 dubitaverit
520 2531 552 2597 'a
571 2531 749 2614 «Fronto,
771 2528 939 2594 Romanae
955 2523 1169 2618 eloquentie

157 2661 235 2708 non
252 2637 474 2727 secundum,
503 2638 566 2710 sed
592 2638 743 2732 alterum
760 2636 882 2707 decus.
902 2664 919 2702 n
939 2637 1034 2722 Quin
1061 2635 1168 2706 etiam

157 2752 421 2842 Frontoniana,
451 2767 490 2822 ut
516 2753 615 2825 aiunt
638 2748 1167 2846 Hieronymus³Sidoniusque⁴

158 2878 303 2957 noster,
322 2866 491 2960 gravam,
511 2879 648 2936 tantam
660 2865 714 2936 sui
733 2863 943 2935 memoriam
958 2858 1167 2931 admiratio-

153 2999 316 3073 nemque
338 2977 375 3046 in
405 2978 528 3050 Galliis
554 2978 763 3074 reliquerat,
793 2992 833 3047 ut
858 2973 1007 3046 Sidonio
1038 2971 1168 3043 eodem

159 3103 327 3176 auctore,
344 3091 656 3186 quemadmodum
672 3105 787 3188 poetae
806 3089 865 3159 alii
885 3085 1087 3182 Virgiliani,
1108 3084 1167 3156 alii

154 3200 344 3289 Ouidiani,
364 3202 415 3272 sic
438 3204 547 3274 aetatis
563 3228 634 3274 suae
652 3216 810 3272 oratores
825 3201 916 3270 bene
936 3198 1035 3267 multi
1054 3201 1166 3266 Fron·

155 3315 299 3384 toniani
317 3315 388 3386 dici
401 3315 545 3387 vellent.
570 3316 679 3404 Quod
697 3317 726 3387 si
748 3315 831 3388 inde
850 3314 895 3385 ad
912 3309 1166 3408 Symmachum

155 3424 260 3496 illurn
270 3426 469 3523 degrediar‚
487 3430 549 3525 qui
568 3443 607 3499 ut
625 3429 673 3499 ait
692 3430 804 3499 Maius
814 3431 837 3518 ⁸,
850 3426 929 3524 styli
943 3421 1167 3495 suilaudato-

200 3670 229 3725 l.
254 3666 329 3728 Plin.
345 3669 412 3726 lun.
429 3671 538 3742 Epist,
553 3671 612 3738 tx,
629 3687 670 3727 xr.

199 3759 229 3824 ii.
255 3761 378 3824 Eumen.
399 3759 539 3836 Panegrr,
560 3759 721 3820 *Constantio
739 3755 857 3825 cesari,
876 3769 939 3832 cap.
960 3773 1023 3825 aar,
1047 3771 1078 3829 p.
1095 3753 1165 3811 tte.

159 3845 216 3908 Ed.
227 3851 271 3906 De
285 3852 327 3906 La
340 3855 450 3908 Baune.
925 3919 927 3924 Ι

202 3940 231 3998 3.
252 3943 288 3997 D.
304 3941 475 4016 Hieronym.
492 3941 604 3995 Rustico
622 3936 771 4007 monacho,
786 3953 851 4014 cap.
868 3953 923 3995 xu.

201 4031 231 4086 s.
251 4017 353 4088 satan
366 4029 494 4107 sporta.
511 4031 605 4105 spise.
626 4026 932 4098 rV‚m;1‚1;vut,
949 4025 979 4083 a.

202 4118 230 4174 ὅ.
252 4113 310 4174 ndi
325 4117 446 4187 Maium,
461 4120 499 4173 de
510 4116 670 4190 Synunaclti
681 4115 771 4189 stylo,
787 4133 817 4190 p.
833 4131 916 4171 nmis.
