2880 5058
547 414 769 490 ..n-r...

114 567 117 574 “
150 559 421 638 rtetsttumenii
436 579 471 639 et
487 551 607 638 Pacati
634 579 669 638 et
703 579 906 638 ceterorum
926 556 1162 662 dictionibus,

153 675 230 752 alre
245 701 265 750 e
278 676 465 778 permultis
476 673 621 750 Ausonii
634 692 668 749 et
679 671 885 776 Symmachi
895 703 1047 780 operum
1058 679 1163 776 locis,

154 789 233 864 slve
243 813 263 864 e
275 791 401 864 ceteris
413 789 582 862 omuibus
591 789 783 863 Gallicanae
801 791 975 864 lacundiae
991 789 1163 892 reliquiis,

89 982 99 1001 ⁸
155 917 284 978 ‘eorum
303 915 467 978 auctores
482 901 714 977 libentissime
735 899 937 994 rhetoricis,
961 899 1166 981 subtilibus·

155 1029 228 1122 que
241 1017 322 1120 plus
340 1043 444 1118 aequo
461 1015 688 1118 ingeniorum
707 1013 842 1090 deliciis
859 1015 1049 1090 indulsisse
1074 1029 1165 1090 con-

155 1143 238 1204 stat.
258 1131 423 1220 Quorum
441 1127 550 1204 lacilis
568 1147 602 1205 et
616 1131 834 1204 creberrimo
848 1157 914 1202 usu
930 1119 1167 1204 corroborata

145 1246 333 1316 'memoria
355 1240 552 1341 alliciebat,
574 1259 708 1318 utnon
730 1235 847 1318 solum
869 1244 1168 1346 panegyricarum

145 1371 283 1434 'earum
314 1355 577 1453 adulationum,
602 1357 733 1458 quibus
765 1371 957 1458 praesentes
988 1359 1168 1464 principes

158 1467 432 1568 condonabant,
452 1472 661 1546 ambitiosos
676 1471 844 1545 circuitus
862 1486 897 1544 et
909 1471 1078 1572 ambages
1094 1497 1169 1546 me·

157 1586 308 1657 moriter
324 1587 526 1682 recitarent,
543 1585 605 1660 sed
628 1587 736 1660 etiam
752 1601 792 1658 ut
808 1585 1070 1688 extemporales
1087 1609 1168 1658 ora·

154 1695 293 1791 tiones,
313 1698 342 1771 si
364 1699 508 1792 liberet,
527 1725 547 1774 e
572 1699 733 1798 dssigeuti
758 1725 879 1772 rerum
901 1700 1169 1800 verborumque

159 1807 410 1884 recordatione
434 1827 698 1916 expromerent.
723 1811 781 1884 Sic
802 1813 987 1914 juvenem,
1006 1817 1170 1912 Burgun-

153 1917 306 1996 diouem
338 1925 512 2016 nomine,
547 1925 697 2022 dignum
736 1926 886 1997 omnino
920 1924 1027 1996 luisse
1059 1943 1170 2024 quem

158 2031 405 2135 plausibilibus
431 2038 544 2125 Roma
574 2037 710 2110 foveret
737 2038 831 2110 ulnis
860 2037 1051 2110 Sidonius¹
1066 2035 1167 2130 dicit,

155 2161 307 2250 'tptoque
324 2149 508 2244 recitante,
528 2148 734 2252 crepitantis
751 2151 907 2222 Athenaei
924 2147 1091 2225 subsellia
1106 2173 1170 2224 cu·

148 2267 265 2335 'neata
277 2274 525 2360 quaterentur;
537 2263 637 2364 quod
652 2289 734 2335 eum
748 2259 996 2336 decentissime
1009 2283 1172 2362 pronun·

148 2373 326 2466 dantem,
352 2401 433 2474 quae
465 2376 612 2476 quidem
645 2377 833 2478 scripserat
864 2364 1168 2476 extemporaliter,

162 2485 433 2560 admirabantur
443 2485 624 2583 benevoli,
639 2488 863 2560 mirabantur
877 2487 1035 2588 superbi,
1052 2511 1172 2561 mora·

160 2599 294 2677 bantur
309 2604 426 2702 periti.
448 2603 586 2692 Quibus
602 2605 639 2676 in
653 2603 892 2676 litteratorum
910 2603 1064 2693 circulis,
1080 2628 1170 2703 prae-

161 2725 217 2788 ter
233 2717 400 2789 vivorum
418 2717 609 2789 bominum
629 2719 859 2818 panegyricas
871 2717 1165 2810 collaudatores,

162 2826 344 2901 interdum
374 2829 626 2902 defunctorum
657 2832 842 2922 virorum,
877 2831 980 2902 sicuti
1013 2829 1053 2902 C.
1087 2823 1171 2902 Julii

163 2943 320 3035 Caesaris,
346 2957 381 3014 et
401 2957 604 3017 ceterorum
632 2948 694 3044 qui
717 2943 949 3017 celeberrima
966 2941 1171 3018 rhetoribus

161 3053 371 3156 praebebant
389 3057 560 3152 themata,
579 3059 722 3152 laudes,
742 3059 891 3133 Sidonio
911 3060 1042 3133 eodem
1058 3075 1168 3152 teste,

163 3169 610 3245 consonabant.Materiae'
619 3189 740 3245 autem
748 3199 838 3272 quas
847 3199 945 3268 vera,
959 3186 993 3245 et
1005 3173 1042 3245 in
1054 3175 1172 3274 campi

153 3279 438 3378 ¹quodammodo
461 3283 647 3384 pulverem
674 3285 905 3385 proterenda,
925 3285 992 3358 sibi
1009 3285 1173 3363 servabat

164 3393 381 3492 eloquentia,
395 3398 483 3496 quid
500 3397 597 3470 aliud
614 3423 690 3470 esse
709 3413 889 3498 poterant,
904 3424 1013 3498 quam
1026 3408 1087 3470 aut
1103 3397 1173 3470 hu·
1282 3415 1290 3432 ⁴

129 3531 132 3538 ’
163 3507 266 3579 msses
283 3509 433 3581 omnino
446 3511 680 3609 vulgaresque
691 3535 819 3601 causae,
832 3525 906 3601 aut,
921 3512 949 3582 si
962 3509 1051 3582 lorte
1064 3507 1172 3610 paulo

153 3617 331 3693 ¹elatiores
368 3636 506 3716 essent,
542 3620 608 3694 illae
638 3620 683 3694 de
717 3621 847 3722 qulbus
877 3649 993 3722 nuper
1024 3623 1174 3721 loquen·
1285 3675 1288 3680 -

164 3747 238 3806 tem
264 3735 494 3808 induximus⁸
517 3735 752 3829 Ausonium,
776 3761 929 3835 quaeque
958 3761 1020 3812 seu
1050 3761 1174 3810 coram

206 3947 237 4006 l.
261 3941 362 4005 sidon.
374 3945 515 4024 Apollin„
531 3947 624 4021 Epist.
638 3947 697 4020 IX,
716 3965 777 4006 xrv.

207 4036 235 4095 Ω.
259 4032 333 4094 Vide
345 4055 378 4114 p.
391 4039 446 4106 253
461 4056 493 4115 p.
511 4039 616 4112 33-3t;
633 4057 662 4115 p.
678 4036 787 4108 56-583
799 4056 831 4114 p.
847 4039 885 4096 69
894 4059 904 4108 ;
921 4055 952 4116 p.
966 4039 1015 4097 85.

209 4127 239 4186 a.
260 4123 334 4185 vtae
347 4145 377 4206 p.
394 4128 464 4184 mr.
721 4141 725 4148 ·
1090 4138 1093 4147 ·

207 4218 240 4275 t.
264 4217 372 4278 Ausou.
390 4212 557 4292 Professor„
572 4219 612 4288 V,
628 4219 734 4280 {3-l8.
