2866 5056
575 350 778 434 ,τ-θὶτ·

170 500 267 574 niori
289 502 530 572 Romanarum
551 499 752 574 litterarum
772 500 906 574 notitiae
923 499 1062 574 inutilia
1075 515 1173 596 sunt,

170 619 245 706 siue
262 643 346 690 oum
360 617 514 716 antiquis
534 618 716 712 lontibus,
739 618 836 692 unde
863 619 1035 718 pleraque
1061 621 1181 696 hausit

169 719 347 832 praecepta
355 732 490 822 Victor,
506 731 758 826 conferantur;
776 734 852 808 sive
864 758 948 812 cum
965 733 1181 808 christiano-

169 870 252 918 rnm
269 845 430 941 ejusdem
448 846 513 918 aevi
538 847 709 945 operibus
731 862 951 946 comparata,
969 847 1056 921 hinc
1070 873 1180 947 paga-

168 981 302 1030 norum
313 959 351 1030 in
361 957 438 1030 dies
447 957 690 1034 decrescentia
703 963 859 1059 ingenia,
878 961 976 1032 illinc
988 963 1177 1054 rationem,

168 1095 242 1169 qua
254 1071 447 1144 christiana
465 1072 555 1147 fides
572 1076 713 1148 animos
730 1077 838 1148 etiam
855 1076 892 1146 in
909 1074 1088 1149 rhetorica
1105 1092 1180 1150 arte

168 1186 408 1276 renovaverit,
428 1187 466 1259 in
483 1187 665 1276 illustriori
680 1188 817 1269 lumine
835 1185 1028 1260 collocent.

219 1297 359 1383 Quibus
384 1299 521 1370 cunctis
548 1301 744 1396 generatim
770 1277 845 1398 ¹pro
852 1300 979 1397 positis
1008 1313 1043 1370 et
1069 1300 1181 1372 virtu·

168 1406 265 1480 tibus
298 1423 349 1488 et·
365 1409 458 1481 vitiis
488 1409 531 1484 et'
555 1412 786 1504 utilitatibus,
826 1411 1031 1511 complures
1060 1411 1180 1483 forsan

169 1521 256 1594 alias
272 1524 566 1613 commodorum,
585 1523 671 1596 hinc
688 1524 773 1596 inde
787 1526 972 1597 eVictoris
985 1549 1093 1622 opere
1111 1523 1179 1596 du·

169 1633 320 1728 cendas,
342 1635 534 1733 particulas
547 1634 679 1710 addere
695 1637 849 1710 deceret.
873 1637 961 1710 Mihi
976 1639 1181 1710 summatim

169 1746 288 1820 dicere
305 1747 469 1840 sufficiat,
489 1752 622 1848 passim
639 1752 677 1823 in
695 1776 739 1823 eo
751 1753 903 1824 variatas
916 1777 937 1822 e
948 1751 1131 1822 Ciceronis
1146 1764 1181 1823 et

168 1861 269 1934 Fabii
291 1862 509 1962 quibusdum
524 1866 612 1937 locis
630 1864 803 1938 lectiones
830 1865 1002 1954 inveniri,
1024 1886 1181 1960 quorum

170 1975 288 2070 aliqua
313 1977 553 2073 grammaticis
575 2002 651 2049 non
675 2001 938 2076 supervacanea
962 1977 1110 2047 fortasse
1126 1975 1179 2046 vi·

169 2086 340 2178 deantur,
372 2088 437 2160 sed
466 2113 545 2186 quae
570 2091 721 2162 omuino
750 2091 929 2188 praeterire
964 2112 1072 2184 quam
1101 2111 1181 2184 per-

168 2201 342 2296 stringere
352 2201 461 2272 satius
475 2225 550 2272 esse
561 2201 658 2272 duxi.
672 2204 900 2299 Quapropter
913 2199 1013 2272 hisce
1029 2199 1180 2270 omnino

168 2313 318 2403 relictis,
331 2312 489 2386 breviter
506 2328 646 2386 tantum
658 2314 817 2386 indicare
833 2314 936 2387 liceat
953 2338 1028 2385 non
1043 2309 1183 2383 inutilia

168 2425 323 2498 rhetoris
348 2427 463 2500 nostri
488 2424 563 2497 duo
585 2426 684 2519 loca,
708 2451 750 2498 ac
774 2425 904 2499 deinde
929 2426 1115 2526 pervenire
1134 2422 1181 2495 ad

169 2540 314 2612 tertiam
349 2562 418 2611 nec
458 2539 647 2610 minimam
680 2539 843 2639 profecto
874 2539 1041 2611 destinati
1075 2536 1181 2610 nobis

171 2653 290 2750 operis
307 2666 464 2749 partem,
488 2651 533 2722 ad
556 2651 682 2723 ultima
709 2652 783 2724 duo
800 2653 953 2726 Victoris
978 2651 1183 2724 Rhetorices

171 2764 216 2838 de
249 2765 547 2836 sermocinatione
583 2779 619 2836 et
650 2764 807 2863 epistolis
839 2767 968 2862 capita.
1003 2770 1183 2835 Locorum

169 2877 344 2950 horumce
360 2879 501 2976 priore,
523 2879 701 2976 egregiam
714 2879 809 2950 hanc
822 2879 912 2975 juris
928 2876 1042 2949 civilis
1058 2875 1183 2948 defini·

170 2992 308 3064 tionem
325 2991 442 3064 obiter
459 2991 562 3064 allert
582 2991 735 3082 Victor¹‚
752 2991 864 3089 magis
880 2990 1026 3089 plenam
1044 3003 1079 3062 et
1095 2988 1184 3060 inte·

172 3129 293 3201 gram,
318 3130 427 3202 quam
454 3104 616 3177 definitio
646 3104 807 3201 ejusdem
828 3105 919 3200 juris
945 3103 983 3174 in
1002 3103 1120 3201 primo
1138 3097 1183 3170 de

171 3219 324 3290 Oratore
337 3221 347 3256 ¹
362 3217 469 3306 libro,
483 3216 594 3289 sedin
608 3218 770 3317 Topicis⁸
785 3217 931 3290 aTullio
944 3216 1181 3314 propositam,

172 3342 209 3400 et
230 3329 422 3402 fortassee
452 3328 613 3425 quodam
641 3353 685 3400 ex
716 3328 820 3401 claris
845 3329 913 3401 illis
932 3323 1184 3424 jureconsultis

172 3457 336 3515 mutuam
377 3455 618 3538 assumptam,
654 3441 717 3535 qui
756 3455 839 3512 ante
877 3443 1087 3512 Ciceronem
1124 3450 1185 3508 aut

172 3553 281 3652 hujus
308 3553 531 3654 temporibus
559 3553 824 3626 eminuerunt:
861 3583 879 3622 α
911 3557 971 3625 lus
1001 3550 1103 3623 civile
1133 3563 1186 3620 est

174 3667 274 3767 quod
290 3669 329 3740 in
352 3667 505 3764 legibus,
526 3667 860 3761 senatusconsultis,
876 3664 984 3738 rebus
1002 3663 1182 3762 judicatis,

218 3945 247 4005 1.
275 3939 731 4022 c.J.vicr.‚cap.1n‚§a,p.
748 3943 798 4000 12.

216 4033 247 4090 2.
275 4030 335 4092 Cic.
355 4035 392 4090 de
407 4033 536 4106 Oratore,
550 4034 581 4105 I,
597 4034 648 4088 42.

150 4179 159 4194 ,
218 4121 248 4180 3.
269 4120 314 4180 Cf.
333 4122 442 4196 Topic„
456 4139 521 4199 cap.
537 4139 573 4197 v,
588 4118 612 4200 S
626 4122 676 4182 28.
