2866 5056
605 689 662 760 ΒΕ

140 923 323 1064 otu
411 935 635 1064 tutu
725 939 1144 1076 vinnon-ts

343 1270 503 1362 Auru
544 1272 926 1404 nnnronrm.

464 1872 801 1954 PROOEMIUM.

319 2131 338 2212 §
353 2136 381 2192 l.
402 2133 446 2190 De
460 2132 554 2212 prima
567 2131 688 2192 Victoris
700 2131 792 2192 libelli
805 2133 944 2194 editione.

183 2333 276 2398 lnter
291 2327 570 2401 luculentissima
595 2343 705 2429 opera
725 2343 787 2402 aut
806 2343 967 2400 veterum
985 2355 1142 2428 operum

130 2441 346 2537 fragmenta,
377 2468 456 2538 quae
478 2443 552 2514 sive
577 2443 614 2512 in
649 2441 951 2514 bibliothecarum
982 2444 1143 2516 tenebris

129 2553 296 2643 confusa,
332 2555 404 2624 sive
433 2557 470 2624 in
499 2554 685 2626 codicibus
712 2555 950 2654 palimpsestis
990 2559 1145 2629 nomine

127 2689 244 2762 prope
265 2667 416 2736 omnino
438 2666 570 2757 deleta,
589 2667 714 2739 litteris
736 2667 890 2738 restituit
915 2692 956 2740 ac
978 2671 1142 2765 primum

127 2778 167 2848 in
183 2779 299 2850 lucem
317 2775 544 2851 doctissimus
560 2781 615 2851 vir
626 2780 779 2875 Angelus
792 2780 905 2852 Maius
921 2779 1046 2874 edidit,
1062 2782 1143 2854 duo

126 2887 251 2962 insunt
273 2892 447 2963 librorum
466 2895 682 2982 volumina¹,
707 2917 887 2990 quaecum
907 2891 1001 2987 juris
1024 2893 1142 2966 civilis

126 3006 409 3102 ante-justiniani
425 3008 595 3104 reliquiis,
610 3022 645 3078 et
657 3010 703 3095 Q.
719 3007 849 3077 Aurelii
867 3005 1073 3103 Symmachi
1089 3012 1139 3080 lX

128 3118 333 3190 orationum
351 3120 511 3219 partibus
528 3135 563 3191 et
583 3125 623 3192 L.
644 3118 772 3191 Caecilii
795 3118 981 3189 Minutiani
998 3121 1140 3218 Apuleii

126 3227 173 3298 de
184 3230 441 3331 orthographia
452 3233 656 3330 fragmentis
670 3245 706 3303 et
716 3231 975 3331 appendicibus
988 3231 1141 3328 quibus-

126 3340 212 3412 dam
228 3357 332 3415 antea
349 3346 496 3441 ignotis,
513 3347 588 3416 Caii
603 3345 685 3415 Julii
701 3345 852 3415 Victoris
868 3348 988 3416 Artem
1007 3344 1141 3416 Rheto-

125 3453 237 3525 ricam
254 3459 553 3557 complectuntur.
581 3460 634 3527 De
657 3480 729 3554 qua
755 3455 942 3554 profitetur
962 3457 1077 3527 Maius
1096 3477 1139 3528 se·

124 3570 263 3641 nescire
279 3587 401 3642 utrum
412 3571 450 3642 id
465 3570 661 3642 Rhetoricae
677 3569 769 3640 Artis
780 3567 1039 3666 compendium
1047 3568 1139 3641 hae·

124 3695 230 3752 tenus
246 3683 339 3782 typis
355 3684 565 3755 mandatum
582 3683 646 3775 sit,
665 3707 702 3754 se
716 3697 836 3754 tamen
852 3682 974 3779 utique
987 3673 1080 3753 illud
1094 3683 1137 3754 in

124 3795 227 3866 nullo
264 3821 391 3869 eorum
422 3797 599 3870 librorum
634 3797 806 3897 reperisse
849 3821 940 3896 quos
973 3795 1140 3870 Pithoeus
1233 3831 1236 3838 ·

123 3906 256 4006 aliique
266 3925 561 4009 composuerunt,
580 3924 616 3981 et
624 3909 687 3982 ubi
702 3910 803 4010 quasi
820 3911 856 3982 in
873 3934 986 3982 unum
999 3933 1138 4011 corpus

166 4147 196 4206 l.
219 4145 238 4202 Ξ
252 4145 311 4204 vol.
328 4145 409 4206 in·8.
421 4147 538 4223 hvnc,
550 4164 733 4208 nncccxxnt.

983 4243 1001 4299 t
