2880 5058
695 397 918 474 -ttsq

305 549 369 639 tis,
388 548 638 624 moderatione
656 561 851 638 remotum
870 562 906 620 et
923 571 964 620 ea
985 571 1065 645 quae
1080 545 1128 620 ad
1143 573 1308 648 pronun·

305 661 489 736 tiatiooem
523 675 559 734 et
590 660 881 734 exercitationem
914 660 1084 752 attinent,
1120 661 1235 738 multo
1264 663 1308 734 iis

304 776 506 848 necessario
531 773 713 866 inferiora,
743 799 823 872 quae
845 772 891 846 de
908 788 1058 872 utraque
1074 799 1114 848 re
1130 775 1255 848 Cicero
1273 789 1309 848 et

303 883 433 958 Fabius
441 900 700 985 praeceperunt,
711 884 864 958 vicissim
874 885 958 956 inC.
969 884 1052 959 tulii
1063 885 1218 958 Victoris
1231 885 1309 960 rhe-

303 998 434 1072 torices
459 1000 655 1072 summario
676 998 960 1098 perstrinximus.
990 1002 1175 1072 Postremo
1192 1023 1307 1097 pauca

303 1111 364 1184 illa
378 1113 575 1209 attigimus,
590 1137 669 1209 quae
686 1112 788 1185 aliter
801 1113 925 1186 Victor
934 1135 1045 1208 quarn
1056 1112 1181 1184 Cicero
1197 1125 1235 1184 et
1245 1117 1308 1184 Fa·

302 1221 384 1294 bius
410 1222 626 1321 explicavit,
661 1247 811 1320 quaeque
837 1221 884 1293 ad
911 1220 985 1294 duo
1010 1221 1122 1294 modo
1145 1221 1306 1321 exempla

301 1335 531 1426 reduximus,
552 1336 651 1434 prius
667 1335 801 1408 scilicet
818 1333 865 1408 ad
881 1335 1061 1408 vocalium
1074 1358 1303 1423 concursum,

301 1448 480 1550 posterius
495 1472 582 1520 vero
602 1463 639 1519 et
665 1448 886 1547 praecipuunr
906 1445 952 1520 ad
981 1447 1206 1520 memoriam.
1227 1454 1308 1522 Bre·
1348 1497 1351 1504 ι

301 1561 392 1634 viter
407 1583 531 1632 causas
548 1560 745 1657 disquirere
768 1559 1005 1650 tentavimus,
1032 1560 1078 1644 de
1100 1560 1232 1657 quibus
1249 1561 1306 1633 hic

301 1688 506 1748 constantes
522 1697 606 1744 suos
629 1671 774 1744 dicendi
789 1673 977 1768 magistros
992 1695 1068 1744 non
1086 1688 1228 1746 secutus
1246 1675 1304 1747 sit.

350 1789 546 1882 Postquam
559 1783 645 1856 inde
658 1784 775 1856 obiter
791 1782 1085 1878 significavimus,
1100 1808 1211 1884 quare
1224 1787 1305 1858 Vic·
1345 1833 1348 1840 ‚

302 1911 418 1973 torem
435 1922 518 1968 cum
532 1897 706 1968 Cicerone
723 1910 758 1968 et
768 1896 878 1968 Fabio
893 1897 1167 1990 contulerimus,
1187 1899 1236 1972 ad
1253 1922 1307 1972 se-

301 2009 460 2083 cundam
471 2011 590 2107 operis
600 2010 713 2082 nostri
722 2008 935 2082 divisionem
944 2011 1108 2109 provecti
1117 2035 1255 2102 sumus,
1270 2012 1304 2084 in

302 2122 534 2219 qualictoris
549 2146 613 2219 per
629 2145 666 2193 se
683 2120 815 2192 librum
832 2121 1126 2219 dijudicavimus,
1142 2139 1252 2221 atque
1267 2123 1306 2196 il·

301 2233 369 2306 lius
386 2248 447 2308 aut
465 2234 612 2306 virtutes
633 2249 694 2306 aut
710 2235 795 2306 vitia
806 2221 873 2306 ¹aut
895 2259 1140 2334 quascumque
1161 2261 1307 2333 genera·

302 2349 366 2396 e...
389 2347 547 2392 ...tronea
570 2331 946 2404 commonstravimus.
979 2337 1045 2408 Hic
1073 2342 1255 2437 primum,
1284 2372 1305 2420 a

300 2423 444 2496 Victore
469 2427 786 2507 animadvertimus
814 2441 1005 2537 saepissime
1030 2445 1153 2522 decori
1171 2477 1305 2528 conve-

298 2534 471 2609 nientiam
481 2542 749 2637 commendari,
763 2549 902 2622 nullum
917 2579 1069 2652 usquam
1082 2563 1303 2648 Quintiliano

297 2650 506 2722 recentioris
522 2654 703 2752 scriptoris
719 2684 855 2734 nomen
871 2665 1008 2760 afferri,
1030 2689 1157 2762 contra
1182 2695 1303 2754 autern

296 2761 442 2834 Latinos
462 2777 625 2839 auctores
640 2769 753 2843 Tullio
778 2776 998 2875 antiquiores
1016 2783 1167 2862 libenter
1183 2795 1302 2867 norni-

297 2873 378 2943 nari
400 2888 435 2947 et
447 2877 579 2976 scripta
593 2904 719 2954 eorum
735 2886 911 2984 prolerri3
931 2918 1006 2968 non
1022 2899 1140 2974 solum
1159 2922 1304 2982 senten·

295 2984 362 3055 tias
386 3000 421 3057 et
439 2987 736 3090 declamationes,
756 2999 820 3070 sed
848 3005 956 3078 etiarn
973 3017 1206 3112 panegyricas
1228 3022 1302 3096 dic·

295 3095 411 3168 tiones
428 3101 567 3198 respui3
586 3103 747 3180 Censorii
757 3115 900 3188 Catonis
912 3133 948 3191 et
959 3124 1111 3198 Gracchi
1128 3145 1164 3202 et
1175 3137 1300 3208 Fannii

295 3221 331 3280 et
340 3211 447 3282 Ennii
459 3212 652 3312 fragmenta
664 3223 828 3317 quaedam
841 3229 878 3300 in
888 3233 1048 3309 medium
1060 3239 1205 3336 adduci,
1220 3273 1301 3345 quar

293 3347 370 3396 non
388 3325 477 3398 nihil
498 3332 741 3408 Romanarum
763 3337 961 3418 litterarum
977 3348 1134 3426 historiar
1161 3361 1298 3432 condu-

294 3453 389 3512 cant.
421 3444 549 3516 Postea
568 3446 611 3520 iis
636 3454 888 3549 respondimus
915 3461 977 3556 qui
1005 3463 1096 3538 forte
1122 3469 1298 3568 objecturi

294 3567 433 3647 essent,
478 3572 540 3630 aut
591 3562 771 3638 Victorem
810 3574 1027 3648 recentiores
1075 3583 1295 3668 Quintiliano

292 3666 482 3762 scriptores
501 3673 717 3765 nominasse,
744 3682 922 3778 siquidem
943 3689 1243 3772 Marcomanuum
1260 3716 1296 3775 et

292 3776 455 3872 Aquilam
481 3796 516 3852 et
541 3786 718 3862 Titianum
741 3809 885 3867 secutus
914 3798 979 3893 sit,
1009 3817 1071 3876 aut
1099 3830 1183 3880 eum
1219 3837 1293 3886 non

290 3903 390 3962 recto
404 3891 568 3989 judicio,
598 3916 639 3972 ut
654 3929 691 3974 rv
709 3907 827 3978 saeculi
844 3907 1050 4007 hominem,
1070 3921 1290 4020 excelluisse,

291 4027 404 4100 quum
429 4005 676 4107 frequentibus
694 4018 997 4100 declamationum
1014 4033 1186 4132 exemplis
1202 4062 1292 4138 opus

290 4139 394 4190 suum
420 4129 672 4224 consperserit.
702 4136 865 4220 Attamen
897 4147 1178 4222 asseveravimus
1203 4150 1294 4248 (nec
1333 4203 1336 4210 .
