2880 5058
673 385 869 462 ..82-

265 545 304 618 in
318 527 451 615 Litoris
463 535 846 636 auctoribusquaedam
856 535 904 608 de
919 532 1185 608 sermocinandi
1198 547 1274 608 arte

266 658 427 756 inspersa
443 653 603 752 reperiri,
632 653 681 723 ita
704 650 833 724 merito
850 649 1081 722 allirrnavisse
1099 647 1206 719 nobis
1220 649 1275 720 vi·

266 770 395 842 demur
412 767 471 839 illa
488 765 681 863 non‘pn'us
699 787 720 835 a
741 763 884 844 rhetore
902 762 976 834 ullo
998 762 1141 852 Latino,
1163 783 1274 857 quem

265 882 413 981 quidem
443 879 670 968 noverimus,
695 901 804 975 quam
830 877 923 948 Julio
941 878 1085 948 Victore
1102 875 1139 944 in
1160 897 1275 946 unum

265 1009 377 1093 capnt·
388 993 563 1094 ordinata·
574 1013 650 1064 esse
667 1007 727 1063 aut
745 989 865 1089 potius
881 1004 1061 1086 congesta.
1089 987 1194 1085 Apud
1213 991 1275 1060 Fa·

266 1108 397 1198 bium¹,
411 1106 511 1178 verbi
527 1106 650 1203 gratia,
666 1104 725 1175 hic
738 1103 808 1174 illic
821 1102 986 1200 quaedam
1004 1101 1182 1192 offendas,
1196 1125 1275 1198 quas

266 1219 366 1294 facile
378 1219 429 1290 ad
446 1217 815 1290 eamdemmateriam
834 1217 978 1290 referas.
993 1217 1050 1286 Sic
1067 1239 1274 1287 sennonem

266 1334 425 1424 ratione,
440 1345 632 1422 vetustate,
652 1330 881 1421 auctoritato,
901 1329 1161 1402 consuetudine
1188 1353 1278 1401 con-

267 1461 378 1537 stare3
389 1444 913 1542 sicGraochorurnoloquentiae
920 1445 1076 1516 multum
1083 1443 1276 1518 contulisse

270 1559 474 1632 Corneliam
508 1574 681 1651 matrem,
710 1560 811 1654 oujus
842 1559 1068 1632 doctissimus
1094 1581 1211 1629 senno
1236 1557 1276 1629 in

266 1689 430 1772 posteros
455 1687 678 1769 quoque'est
702 1671 862 1769 epistolis
887 1672 1058 1760 traditus3
1082 1671 1133 1742 sic
1153 1671 1278 1769 AEsopi

266 1785 412 1858 fabellas
426 1785 472 1856 ad
492 1807 624 1883 purum
645 1809 870 1874 sermonem,
891 1799 925 1856 et
942 1785 1125 1880 antiquam
1140 1805 1277 1855 comoe-

265 1897 363 1970 diam
378 1898 426 1970 ad
447 1899 623 1970 sinceram
639 1899 813 1970 sermonis
829 1899 933 1970 Attici
955 1898 1103 1994 gratiam
1122 1895 1277 1968 multum

267 2013 430 2084 conferre
455 2012 695 2098 Quintilianus
717 2027 813 2084 recte
838 2012 1052 2084 observavit.
1073 2015 1189 2106 Equo
1209 2009 1278 2082 alia

268 2126 374 2197 etiam
396 2124 442 2196 ad
461 2125 629 2196 eumdem
646 2123 756 2196 finem
782 2124 1014 2223 perducenda
1030 2124 1173 2222 excerpi
1193 2147 1278 2221 pos·

267 2235 449 2330 seon-sed
465 2261 540 2308 non
560 2237 620 2309 illa
636 2261 716 2334 quae
734 2261 755 2308 a
775 2237 885 2308 Fabio
905 2237 952 2309 de
972 2259 1139 2310 sermone
1156 2259 1278 2334 sparsa

268 2365 374 2440 sunt,
392 2347 599 2446 prohibent
621 2350 816 2446 quominus
837 2351 976 2448 optimo
998 2351 1078 2447 jure
1095 2349 1278 2422 Victorem

268 2461 779 2560 aurelatenmqumnum
798 2462 904 2536 nobis
927 2464 1094 2535 Latinum
1120 2485 1197 2534 esse
1219 2461 1278 2534 di-

268 2573 372 2644 cendi
383 2573 987 2671 magistrum,qui·sermocinationi
1000 2576 1167 2674 proprias
1180 2575 1276 2672 leges

269 2710 320 2757 ex·
331 2687 509 2759 oulinein
528 2687 709 2761 rhetorico
727 2713 836 2787 opere
853 2690 1094 2786 assignaverit.

695 2961 855 2978 ψ

448 3187 471 3272 S
492 3193 519 3249 3.
532 3193 606 3266 'Quae
624 3189 660 3249 de
677 3191 805 3272 epistolis
818 3191 916 3254 Victor
930 3193 1086 3274 scripserit.

304 3391 389 3464 'Sed
406 3391 482 3464 haec
500 3391 673 3467 hactenus
698 3393 744 3467 de
760 3393 947 3468 manifesta
963 3419 1015 3467 re.
1040 3399 1119 3467 Jam
1137 3394 1184 3468 ad
1200 3399 1279 3496 epi-

269 3505 377 3580 stolas
392 3503 499 3576 nobis
517 3508 788 3606 properandum
802 3524 872 3599 est3
892 3523 927 3582 et
942 3509 1052 3599 sicut,
1067 3510 1278 3608 priusquam

264 3617 315 3693 ¹de
334 3615 509 3690 sermone
515 3618 615 3714 juxta
630 3619 814 3693 Victorem
834 3621 1078 3720 loqueremur,
1098 3638 1216 3695 totum
1233 3623 1278 3696 de

269 3731 504 3802 hacmate'ria
521 3745 630 3830 caput
652 3733 769 3830 primo
793 3737 1083 3835 perscripsimus,
1104 3737 1154 3809 ita
1166 3753 1278 3810 ¹ante-

268 3842 438 3941 quamde
454 3843 496 3914 iis
519 3843 741 3942 disputemus
757 3869 834 3944 quoe
855 3847 901 3920 ad
918 3849 1084 3948 epistolas
1101 3877 1121 3922 a
1135 3853 1277 3923 Victore

269 3953 668 4054 dijudicatasspectent,
684 3958 790 4032 nobis
805 3961 851 4033 ad
871 3961 1021 4035 verbum
1031 3962 1278 4036 transcriben-

308 4172 339 4232 t.
361 4164 498 4244 Quintil,
518 4169 549 4246 1,
569 4170 609 4241 c,
630 4168 1157 4252 1;1‚r,o;1,a,·r;x,t,ss.
