<?xml version="1.0" encoding="UTF-8"?>
<!DOCTYPE html PUBLIC "-//W3C//DTD XHTML 1.0 Transitional//EN"
    "http://www.w3.org/TR/xhtml1/DTD/xhtml1-transitional.dtd">
<html xmlns="http://www.w3.org/1999/xhtml" xml:lang="en" lang="en">
 <head>
  <title>
</title>
<meta http-equiv="Content-Type" content="text/html;charset=utf-8" />
  <meta name='ocr-system' content='tesseract 3.04.00' />
  <meta name='ocr-capabilities' content='ocr_page ocr_carea ocr_par ocr_line ocrx_word'/>
</head>
<body>
  <div class='ocr_page' id='page_1' title='image "./decaiijuliivict00victgoog_0090.png"; bbox 0 0 2866 5056; ppageno 0'>
   <div class='ocr_carea' id='block_1_1' title="bbox 578 387 856 462">
    <p class='ocr_par' dir='ltr' id='par_1_1' title="bbox 578 387 856 462">
     <span class='ocr_line' id='line_1_1' title="bbox 578 387 856 462; baseline 0 0"><span class='ocrx_word' id='word_1_1' title='bbox 578 387 773 462; x_wconf 82' lang='grc'><strong>-77-</strong></span> <span class='ocrx_word' id='word_1_2' title='bbox 855 387 856 392; x_wconf 70' lang='grc'>’</span> 
     </span>
    </p>
   </div>
   <div class='ocr_carea' id='block_1_2' title="bbox 13 533 1173 874">
    <p class='ocr_par' dir='ltr' id='par_1_2' title="bbox 13 533 1173 874">
     <span class='ocr_line' id='line_1_2' title="bbox 223 533 1171 642; baseline 0.009 -32"><span class='ocrx_word' id='word_1_3' title='bbox 223 535 365 610; x_wconf 83' lang='lat' dir='ltr'><strong>Scilicet</strong></span> <span class='ocrx_word' id='word_1_4' title='bbox 379 535 420 610; x_wconf 87' lang='lat' dir='ltr'><strong>in</strong></span> <span class='ocrx_word' id='word_1_5' title='bbox 432 533 495 608; x_wconf 86' lang='lat' dir='ltr'><strong>illo</strong></span> <span class='ocrx_word' id='word_1_6' title='bbox 503 535 617 634; x_wconf 89' lang='lat' dir='ltr'><strong>primi</strong></span> <span class='ocrx_word' id='word_1_7' title='bbox 631 534 714 608; x_wconf 87' lang='lat' dir='ltr'><strong>libri</strong></span> <span class='ocrx_word' id='word_1_8' title='bbox 729 535 778 608; x_wconf 85' lang='lat' dir='ltr'><strong>de</strong></span> <span class='ocrx_word' id='word_1_9' title='bbox 791 537 926 611; x_wconf 86' lang='lat' dir='ltr'><strong>Olliciis</strong></span> <span class='ocrx_word' id='word_1_10' title='bbox 937 545 959 630; x_wconf 89' lang='lat'><strong>¹,</strong></span> <span class='ocrx_word' id='word_1_11' title='bbox 976 565 1085 639; x_wconf 88' lang='lat' dir='ltr'><strong>quem</strong></span> <span class='ocrx_word' id='word_1_12' title='bbox 1094 545 1171 642; x_wconf 82' lang='lat' dir='ltr'><strong>jam</strong></span> 
     </span>
     <span class='ocr_line' id='line_1_3' title="bbox 174 644 1170 743; baseline 0.009 -21"><span class='ocrx_word' id='word_1_13' title='bbox 174 644 1042 743; x_wconf 75' lang='lat' dir='ltr'><strong>indicavimus,loco,itadesermoneCicerocum</strong></span> <span class='ocrx_word' id='word_1_14' title='bbox 1050 659 1170 731; x_wconf 83' lang='lat' dir='ltr'><strong>Marco</strong></span> 
     </span>
     <span class='ocr_line' id='line_1_4' title="bbox 13 763 1173 874; baseline 0.008 -38"><span class='ocrx_word' id='word_1_15' title='bbox 13 800 30 845; x_wconf 76' lang='grc'><strong>,·</strong></span> <span class='ocrx_word' id='word_1_16' title='bbox 152 799 155 804; x_wconf 96' lang='grc'><strong><em>·</em></strong></span> <span class='ocrx_word' id='word_1_17' title='bbox 174 763 251 848; x_wconf 82' lang='lat' dir='ltr'><strong>lilio</strong></span> <span class='ocrx_word' id='word_1_18' title='bbox 258 763 486 838; x_wconf 73' lang='lat' dir='ltr'><strong>adolescente</strong></span> <span class='ocrx_word' id='word_1_19' title='bbox 496 763 677 874; x_wconf 78' lang='lat' dir='ltr'><strong>loquitur,</strong></span> <span class='ocrx_word' id='word_1_20' title='bbox 688 779 728 836; x_wconf 90' lang='lat' dir='ltr'><strong>ut</strong></span> <span class='ocrx_word' id='word_1_21' title='bbox 744 765 878 864; x_wconf 88' lang='lat' dir='ltr'><strong>ubique</strong></span> <span class='ocrx_word' id='word_1_22' title='bbox 894 768 991 842; x_wconf 82' lang='lat' dir='ltr'><strong>utilia</strong></span> <span class='ocrx_word' id='word_1_23' title='bbox 1003 784 1039 842; x_wconf 87' lang='lat' dir='ltr'><strong>et</strong></span> <span class='ocrx_word' id='word_1_24' title='bbox 1052 793 1173 846; x_wconf 82' lang='lat' dir='ltr'><strong>neces·</strong></span> 
     </span>
    </p>
   </div>
   <div class='ocr_carea' id='block_1_3' title="bbox 170 876 1178 3686">
    <p class='ocr_par' dir='ltr' id='par_1_3' title="bbox 170 876 1178 3686">
     <span class='ocr_line' id='line_1_5' title="bbox 175 876 1173 977; baseline 0.006 -25"><span class='ocrx_word' id='word_1_25' title='bbox 175 878 454 977; x_wconf 76' lang='lat' dir='ltr'><strong>saciupraeoepta</strong></span> <span class='ocrx_word' id='word_1_26' title='bbox 467 876 559 948; x_wconf 90' lang='lat' dir='ltr'><strong>miro</strong></span> <span class='ocrx_word' id='word_1_27' title='bbox 575 876 733 975; x_wconf 81' lang='lat' dir='ltr'><strong>quodum</strong></span> <span class='ocrx_word' id='word_1_28' title='bbox 746 877 978 974; x_wconf 81' lang='lat' dir='ltr'><strong>jucunditatis</strong></span> <span class='ocrx_word' id='word_1_29' title='bbox 999 882 1071 955; x_wconf 83' lang='lat' dir='ltr'><strong>sale</strong></span> <span class='ocrx_word' id='word_1_30' title='bbox 1088 909 1173 960; x_wconf 88' lang='lat' dir='ltr'><strong>con·</strong></span> 
     </span>
     <span class='ocr_line' id='line_1_6' title="bbox 170 991 1173 1096; baseline 0.008 -30"><span class='ocrx_word' id='word_1_31' title='bbox 170 991 264 1083; x_wconf 78' lang='lat' dir='ltr'><strong>diat,</strong></span> <span class='ocrx_word' id='word_1_32' title='bbox 291 1006 328 1065; x_wconf 90' lang='lat' dir='ltr'><strong>et</strong></span> <span class='ocrx_word' id='word_1_33' title='bbox 355 1017 547 1090; x_wconf 82' lang='lat' dir='ltr'><strong>nusquam,</strong></span> <span class='ocrx_word' id='word_1_34' title='bbox 571 1007 611 1065; x_wconf 92' lang='lat' dir='ltr'><strong>ut</strong></span> <span class='ocrx_word' id='word_1_35' title='bbox 637 994 769 1086; x_wconf 87' lang='lat' dir='ltr'><strong>Victor,</strong></span> <span class='ocrx_word' id='word_1_36' title='bbox 797 996 931 1095; x_wconf 81' lang='lat' dir='ltr'><strong>puerile</strong></span> <span class='ocrx_word' id='word_1_37' title='bbox 956 998 1173 1096; x_wconf 82' lang='lat' dir='ltr'><strong>aliquidaut</strong></span> 
     </span>
     <span class='ocr_line' id='line_1_7' title="bbox 172 1094 1170 1208; baseline 0.007 -28"><span class='ocrx_word' id='word_1_38' title='bbox 172 1094 351 1203; x_wconf 74' lang='lat' dir='ltr'><strong>vulgatius</strong></span> <span class='ocrx_word' id='word_1_39' title='bbox 370 1118 431 1176; x_wconf 80' lang='lat' dir='ltr'><strong>aut</strong></span> <span class='ocrx_word' id='word_1_40' title='bbox 447 1120 761 1204; x_wconf 81' lang='lat' dir='ltr'><strong>extemporaneum</strong></span> <span class='ocrx_word' id='word_1_41' title='bbox 784 1122 1000 1208; x_wconf 85' lang='lat' dir='ltr'><strong>praeceptum</strong></span> <span class='ocrx_word' id='word_1_42' title='bbox 1026 1111 1170 1207; x_wconf 83' lang='lat' dir='ltr'><strong>injiciat.</strong></span> 
     </span>
     <span class='ocr_line' id='line_1_8' title="bbox 172 1216 1172 1323; baseline 0.007 -33"><span class='ocrx_word' id='word_1_43' title='bbox 172 1220 297 1306; x_wconf 86' lang='lat' dir='ltr'><strong>Quum</strong></span> <span class='ocrx_word' id='word_1_44' title='bbox 304 1219 402 1290; x_wconf 85' lang='lat' dir='ltr'><strong>enim</strong></span> <span class='ocrx_word' id='word_1_45' title='bbox 416 1217 493 1291; x_wconf 83' lang='lat' dir='ltr'><strong>aliis</strong></span> <span class='ocrx_word' id='word_1_46' title='bbox 509 1216 652 1290; x_wconf 88' lang='lat' dir='ltr'><strong>dicendi</strong></span> <span class='ocrx_word' id='word_1_47' title='bbox 665 1217 813 1311; x_wconf 86' lang='lat' dir='ltr'><strong>artibus,</strong></span> <span class='ocrx_word' id='word_1_48' title='bbox 825 1235 900 1291; x_wconf 86' lang='lat' dir='ltr'><strong>tum</strong></span> <span class='ocrx_word' id='word_1_49' title='bbox 912 1220 981 1293; x_wconf 85' lang='lat' dir='ltr'><strong>hac</strong></span> <span class='ocrx_word' id='word_1_50' title='bbox 997 1225 1172 1323; x_wconf 85' lang='lat' dir='ltr'><strong>praecipue</strong></span> 
     </span>
     <span class='ocr_line' id='line_1_9' title="bbox 173 1330 1172 1435; baseline 0.003 -29"><span class='ocrx_word' id='word_1_51' title='bbox 173 1330 301 1406; x_wconf 85' lang='lat' dir='ltr'><strong>Cicero</strong></span> <span class='ocrx_word' id='word_1_52' title='bbox 313 1331 465 1425; x_wconf 84' lang='lat' dir='ltr'><strong>eminet,</strong></span> <span class='ocrx_word' id='word_1_53' title='bbox 493 1345 534 1403; x_wconf 89' lang='lat' dir='ltr'><strong>ut</strong></span> <span class='ocrx_word' id='word_1_54' title='bbox 553 1345 740 1428; x_wconf 86' lang='lat' dir='ltr'><strong>uunquam</strong></span> <span class='ocrx_word' id='word_1_55' title='bbox 764 1332 861 1404; x_wconf 81' lang='lat' dir='ltr'><strong>utilio</strong></span> <span class='ocrx_word' id='word_1_56' title='bbox 877 1334 915 1405; x_wconf 89' lang='lat' dir='ltr'><strong>in</strong></span> <span class='ocrx_word' id='word_1_57' title='bbox 934 1336 1172 1435; x_wconf 87' lang='lat' dir='ltr'><strong>praecipiendo</strong></span> 
     </span>
     <span class='ocr_line' id='line_1_10' title="bbox 174 1440 1170 1541; baseline 0.007 -27"><span class='ocrx_word' id='word_1_58' title='bbox 174 1442 337 1534; x_wconf 74' lang='lat' dir='ltr'><strong>omittat,</strong></span> <span class='ocrx_word' id='word_1_59' title='bbox 355 1457 391 1514; x_wconf 88' lang='lat' dir='ltr'><strong>et</strong></span> <span class='ocrx_word' id='word_1_60' title='bbox 407 1457 536 1516; x_wconf 85' lang='lat' dir='ltr'><strong>-tnmen</strong></span> <span class='ocrx_word' id='word_1_61' title='bbox 549 1441 638 1514; x_wconf 87' lang='lat' dir='ltr'><strong>nihil</strong></span> <span class='ocrx_word' id='word_1_62' title='bbox 655 1443 761 1541; x_wconf 35' lang='lat' dir='ltr'><strong>quod*</strong></span> <span class='ocrx_word' id='word_1_63' title='bbox 773 1440 975 1517; x_wconf 88' lang='lat' dir='ltr'><strong>obsoletum</strong></span> <span class='ocrx_word' id='word_1_64' title='bbox 995 1445 1170 1540; x_wconf 82' lang='lat' dir='ltr'><strong>videatur,</strong></span> 
     </span>
     <span class='ocr_line' id='line_1_11' title="bbox 173 1554 1172 1647; baseline 0.004 -17"><span class='ocrx_word' id='word_1_65' title='bbox 173 1554 324 1647; x_wconf 79' lang='lat' dir='ltr'><strong>inserat,</strong></span> <span class='ocrx_word' id='word_1_66' title='bbox 351 1570 476 1628; x_wconf 80' lang='lat' dir='ltr'><strong>contra</strong></span> <span class='ocrx_word' id='word_1_67' title='bbox 497 1569 618 1628; x_wconf 81' lang='lat' dir='ltr'><strong>nutem</strong></span> <span class='ocrx_word' id='word_1_68' title='bbox 644 1554 702 1628; x_wconf 86' lang='lat' dir='ltr'><strong>vel</strong></span> <span class='ocrx_word' id='word_1_69' title='bbox 727 1557 880 1629; x_wconf 82' lang='lat' dir='ltr'><strong>maxime</strong></span> <span class='ocrx_word' id='word_1_70' title='bbox 905 1558 1031 1632; x_wconf 77' lang='lat' dir='ltr'><strong>usitata</strong></span> <span class='ocrx_word' id='word_1_71' title='bbox 1052 1563 1172 1634; x_wconf 89' lang='lat' dir='ltr'><strong>nescio</strong></span> 
     </span>
     <span class='ocr_line' id='line_1_12' title="bbox 176 1668 1173 1772; baseline 0.011 -33"><span class='ocrx_word' id='word_1_72' title='bbox 176 1691 252 1766; x_wconf 88' lang='lat' dir='ltr'><strong>quo</strong></span> <span class='ocrx_word' id='word_1_73' title='bbox 261 1669 426 1742; x_wconf 84' lang='lat' dir='ltr'><strong>novitatis</strong></span> <span class='ocrx_word' id='word_1_74' title='bbox 439 1669 554 1742; x_wconf 90' lang='lat' dir='ltr'><strong>nitore</strong></span> <span class='ocrx_word' id='word_1_75' title='bbox 569 1668 695 1742; x_wconf 77' lang='lat' dir='ltr'><strong>indust</strong></span> <span class='ocrx_word' id='word_1_76' title='bbox 711 1683 746 1740; x_wconf 89' lang='lat' dir='ltr'><strong>et</strong></span> <span class='ocrx_word' id='word_1_77' title='bbox 761 1669 910 1743; x_wconf 84' lang='lat' dir='ltr'><strong>coloret.</strong></span> <span class='ocrx_word' id='word_1_78' title='bbox 926 1675 1046 1768; x_wconf 80' lang='lat' dir='ltr'><strong>ltaque</strong></span> <span class='ocrx_word' id='word_1_79' title='bbox 1059 1699 1173 1772; x_wconf 90' lang='lat' dir='ltr'><strong>quum</strong></span> 
     </span>
     <span class='ocr_line' id='line_1_13' title="bbox 174 1779 1175 1880; baseline 0.01 -28"><span class='ocrx_word' id='word_1_80' title='bbox 174 1779 213 1854; x_wconf 90' lang='lat' dir='ltr'><strong>in</strong></span> <span class='ocrx_word' id='word_1_81' title='bbox 231 1807 320 1856; x_wconf 86' lang='lat' dir='ltr'><strong>voce</strong></span> <span class='ocrx_word' id='word_1_82' title='bbox 336 1780 410 1855; x_wconf 91' lang='lat' dir='ltr'><strong>duo</strong></span> <span class='ocrx_word' id='word_1_83' title='bbox 427 1782 612 1880; x_wconf 81' lang='lat' dir='ltr'><strong>sequenda·</strong></span> <span class='ocrx_word' id='word_1_84' title='bbox 625 1805 701 1854; x_wconf 89' lang='lat' dir='ltr'><strong>esse</strong></span> <span class='ocrx_word' id='word_1_85' title='bbox 713 1783 868 1873; x_wconf 90' lang='lat' dir='ltr'><strong>monuit,</strong></span> <span class='ocrx_word' id='word_1_86' title='bbox 888 1797 928 1854; x_wconf 91' lang='lat' dir='ltr'><strong>ut</strong></span> <span class='ocrx_word' id='word_1_87' title='bbox 945 1782 1040 1856; x_wconf 86' lang='lat' dir='ltr'><strong>clara</strong></span> <span class='ocrx_word' id='word_1_88' title='bbox 1056 1788 1112 1880; x_wconf 87' lang='lat' dir='ltr'><strong>sit,</strong></span> <span class='ocrx_word' id='word_1_89' title='bbox 1134 1803 1175 1862; x_wconf 92' lang='lat' dir='ltr'><strong>ut</strong></span> 
     </span>
     <span class='ocr_line' id='line_1_14' title="bbox 174 1891 1174 1994; baseline 0.007 -28"><span class='ocrx_word' id='word_1_90' title='bbox 174 1895 294 1967; x_wconf 84' lang='lat' dir='ltr'><strong>suavis</strong></span> <span class='ocrx_word' id='word_1_91' title='bbox 307 1895 406 1991; x_wconf 77' lang='lat' dir='ltr'><strong>(quae</strong></span> <span class='ocrx_word' id='word_1_92' title='bbox 424 1895 572 1993; x_wconf 89' lang='lat' dir='ltr'><strong>quidem</strong></span> <span class='ocrx_word' id='word_1_93' title='bbox 588 1909 764 1994; x_wconf 81' lang='lat' dir='ltr'><strong>praecepta</strong></span> <span class='ocrx_word' id='word_1_94' title='bbox 786 1894 859 1967; x_wconf 87' lang='lat' dir='ltr'><strong>sere</strong></span> <span class='ocrx_word' id='word_1_95' title='bbox 891 1891 1060 1970; x_wconf 85' lang='lat' dir='ltr'><strong>omnibus</strong></span> <span class='ocrx_word' id='word_1_96' title='bbox 1087 1915 1174 1974; x_wconf 83' lang='lat' dir='ltr'><strong>notu</strong></span> 
     </span>
     <span class='ocr_line' id='line_1_15' title="bbox 174 2006 1175 2108; baseline 0.004 -28"><span class='ocrx_word' id='word_1_97' title='bbox 174 2009 297 2104; x_wconf 84' lang='lat' dir='ltr'><strong>sunt),</strong></span> <span class='ocrx_word' id='word_1_98' title='bbox 324 2022 399 2080; x_wconf 82' lang='lat' dir='ltr'><strong>tam</strong></span> <span class='ocrx_word' id='word_1_99' title='bbox 420 2021 624 2108; x_wconf 84' lang='lat' dir='ltr'>opportune</span> <span class='ocrx_word' id='word_1_100' title='bbox 642 2007 683 2080; x_wconf 90' lang='lat' dir='ltr'><strong>iis</strong></span> <span class='ocrx_word' id='word_1_101' title='bbox 711 2006 832 2103; x_wconf 85' lang='lat' dir='ltr'><strong>adjicit</strong></span> <span class='ocrx_word' id='word_1_102' title='bbox 851 2022 887 2080; x_wconf 91' lang='lat' dir='ltr'><strong>et</strong></span> <span class='ocrx_word' id='word_1_103' title='bbox 907 2011 1116 2083; x_wconf 80' lang='lat' dir='ltr'>Catulorum</span> <span class='ocrx_word' id='word_1_104' title='bbox 1139 2027 1175 2086; x_wconf 90' lang='lat' dir='ltr'><strong>et</strong></span> 
     </span>
     <span class='ocr_line' id='line_1_16' title="bbox 175 2119 1175 2218; baseline 0.006 -26"><span class='ocrx_word' id='word_1_105' title='bbox 175 2124 217 2192; x_wconf 91' lang='lat' dir='ltr'><strong>L.</strong></span> <span class='ocrx_word' id='word_1_106' title='bbox 239 2123 360 2196; x_wconf 77' lang='lat' dir='ltr'><strong>-Crassi</strong></span> <span class='ocrx_word' id='word_1_107' title='bbox 386 2121 609 2194; x_wconf 86' lang='lat' dir='ltr'><strong>diversorum</strong></span> <span class='ocrx_word' id='word_1_108' title='bbox 626 2119 818 2218; x_wconf 86' lang='lat' dir='ltr'><strong>eloquendi</strong></span> <span class='ocrx_word' id='word_1_109' title='bbox 842 2146 1013 2217; x_wconf 81' lang='lat' dir='ltr'>generum</span> <span class='ocrx_word' id='word_1_110' title='bbox 1039 2150 1175 2198; x_wconf 89' lang='lat' dir='ltr'><strong>memo·</strong></span> 
     </span>
     <span class='ocr_line' id='line_1_17' title="bbox 175 2233 1176 2332; baseline 0.002 -24"><span class='ocrx_word' id='word_1_111' title='bbox 175 2233 289 2327; x_wconf 74' lang='lat' dir='ltr'><strong>mam,</strong></span> <span class='ocrx_word' id='word_1_112' title='bbox 312 2249 351 2306; x_wconf 88' lang='lat' dir='ltr'><strong>ut</strong></span> <span class='ocrx_word' id='word_1_113' title='bbox 370 2234 439 2308; x_wconf 85' lang='lat' dir='ltr'><strong>hac</strong></span> <span class='ocrx_word' id='word_1_114' title='bbox 459 2249 628 2308; x_wconf 81' lang='lat' dir='ltr'><strong>renovata</strong></span> <span class='ocrx_word' id='word_1_115' title='bbox 650 2248 688 2304; x_wconf 92' lang='lat' dir='ltr'><strong>et</strong></span> <span class='ocrx_word' id='word_1_116' title='bbox 713 2233 843 2305; x_wconf 83' lang='lat' dir='ltr'><strong>refecta</strong></span> <span class='ocrx_word' id='word_1_117' title='bbox 869 2259 945 2306; x_wconf 86' lang='lat' dir='ltr'><strong>csse</strong></span> <span class='ocrx_word' id='word_1_118' title='bbox 968 2255 1046 2332; x_wconf 84' lang='lat' dir='ltr'><strong>quae</strong></span> <span class='ocrx_word' id='word_1_119' title='bbox 1069 2238 1176 2310; x_wconf 88' lang='lat' dir='ltr'><strong>docet</strong></span> 
     </span>
     <span class='ocr_line' id='line_1_18' title="bbox 175 2345 1175 2446; baseline 0.006 -28"><span class='ocrx_word' id='word_1_120' title='bbox 175 2345 381 2420; x_wconf 79' lang='lat' dir='ltr'><strong>videantur.</strong></span> <span class='ocrx_word' id='word_1_121' title='bbox 405 2353 511 2440; x_wconf 85' lang='lat' dir='ltr'><strong>Item,</strong></span> <span class='ocrx_word' id='word_1_122' title='bbox 531 2372 644 2446; x_wconf 92' lang='lat' dir='ltr'><strong>quum</strong></span> <span class='ocrx_word' id='word_1_123' title='bbox 657 2345 703 2419; x_wconf 89' lang='lat' dir='ltr'><strong>de</strong></span> <span class='ocrx_word' id='word_1_124' title='bbox 721 2345 793 2420; x_wconf 87' lang='lat' dir='ltr'><strong>sule</strong></span> <span class='ocrx_word' id='word_1_125' title='bbox 813 2361 849 2418; x_wconf 90' lang='lat' dir='ltr'><strong>et</strong></span> <span class='ocrx_word' id='word_1_126' title='bbox 875 2348 1008 2422; x_wconf 81' lang='lat' dir='ltr'><strong>facetiis</strong></span> <span class='ocrx_word' id='word_1_127' title='bbox 1032 2351 1175 2424; x_wconf 74' lang='lat' dir='ltr'><strong>Cessatis</strong></span> 
     </span>
     <span class='ocr_line' id='line_1_19' title="bbox 177 2459 1177 2559; baseline 0.003 -25"><span class='ocrx_word' id='word_1_128' title='bbox 177 2461 399 2534; x_wconf 83' lang='lat' dir='ltr'><strong>mentionem</strong></span> <span class='ocrx_word' id='word_1_129' title='bbox 415 2461 513 2554; x_wconf 79' lang='lat' dir='ltr'><strong>lucit3</strong></span> <span class='ocrx_word' id='word_1_130' title='bbox 528 2485 640 2559; x_wconf 91' lang='lat' dir='ltr'><strong>quum</strong></span> <span class='ocrx_word' id='word_1_131' title='bbox 652 2460 739 2558; x_wconf 87' lang='lat' dir='ltr'><strong>quid</strong></span> <span class='ocrx_word' id='word_1_132' title='bbox 747 2459 1087 2558; x_wconf 76' lang='lat' dir='ltr'><strong>decenterquirens,</strong></span> <span class='ocrx_word' id='word_1_133' title='bbox 1102 2487 1177 2536; x_wconf 88' lang='lat' dir='ltr'><strong>ser·</strong></span> 
     </span>
     <span class='ocr_line' id='line_1_20' title="bbox 177 2573 1176 2671; baseline 0.003 -28"><span class='ocrx_word' id='word_1_134' title='bbox 177 2596 326 2645; x_wconf 90' lang='lat' dir='ltr'><strong>monem</strong></span> <span class='ocrx_word' id='word_1_135' title='bbox 345 2575 587 2666; x_wconf 86' lang='lat' dir='ltr'><strong>commendat,</strong></span> <span class='ocrx_word' id='word_1_136' title='bbox 608 2574 646 2644; x_wconf 94' lang='lat' dir='ltr'><strong>in</strong></span> <span class='ocrx_word' id='word_1_137' title='bbox 662 2597 738 2671; x_wconf 88' lang='lat' dir='ltr'><strong>quo</strong></span> <span class='ocrx_word' id='word_1_138' title='bbox 754 2573 923 2645; x_wconf 82' lang='lat' dir='ltr'><strong>Socratici</strong></span> <span class='ocrx_word' id='word_1_139' title='bbox 947 2575 1100 2648; x_wconf 84' lang='lat' dir='ltr'><strong>maxime</strong></span> <span class='ocrx_word' id='word_1_140' title='bbox 1117 2601 1176 2649; x_wconf 85' lang='lat' dir='ltr'><strong>ex·</strong></span> 
     </span>
     <span class='ocr_line' id='line_1_21' title="bbox 177 2685 1176 2785; baseline 0.004 -27"><span class='ocrx_word' id='word_1_141' title='bbox 177 2685 326 2779; x_wconf 77' lang='lat' dir='ltr'><strong>cellum,</strong></span> <span class='ocrx_word' id='word_1_142' title='bbox 345 2686 463 2760; x_wconf 88' lang='lat' dir='ltr'><strong>lenem</strong></span> <span class='ocrx_word' id='word_1_143' title='bbox 481 2689 698 2785; x_wconf 82' lang='lat' dir='ltr'><strong>minimeque</strong></span> <span class='ocrx_word' id='word_1_144' title='bbox 709 2687 939 2785; x_wconf 85' lang='lat' dir='ltr'><strong>pertinacem.</strong></span> <span class='ocrx_word' id='word_1_145' title='bbox 953 2692 1040 2775; x_wconf 84' lang='lat' dir='ltr'><strong>Quae</strong></span> <span class='ocrx_word' id='word_1_146' title='bbox 1053 2690 1176 2762; x_wconf 89' lang='lat' dir='ltr'><strong>Victor</strong></span> 
     </span>
     <span class='ocr_line' id='line_1_22' title="bbox 178 2799 1175 2898; baseline 0.006 -28"><span class='ocrx_word' id='word_1_147' title='bbox 178 2799 308 2898; x_wconf 87' lang='lat' dir='ltr'><strong>puerili</strong></span> <span class='ocrx_word' id='word_1_148' title='bbox 329 2800 529 2893; x_wconf 86' lang='lat' dir='ltr'><strong>interdum,</strong></span> <span class='ocrx_word' id='word_1_149' title='bbox 557 2815 592 2873; x_wconf 88' lang='lat' dir='ltr'><strong>et</strong></span> <span class='ocrx_word' id='word_1_150' title='bbox 614 2801 831 2890; x_wconf 88' lang='lat' dir='ltr'><strong>nimium,ut</strong></span> <span class='ocrx_word' id='word_1_151' title='bbox 842 2800 1016 2894; x_wconf 86' lang='lat' dir='ltr'><strong>diximus,</strong></span> <span class='ocrx_word' id='word_1_152' title='bbox 1035 2803 1116 2874; x_wconf 85' lang='lat' dir='ltr'><strong>laxo</strong></span> <span class='ocrx_word' id='word_1_153' title='bbox 1134 2827 1175 2876; x_wconf 83' lang='lat' dir='ltr'><strong>ac</strong></span> 
     </span>
     <span class='ocr_line' id='line_1_23' title="bbox 179 2912 1177 3014; baseline 0.003 -28"><span class='ocrx_word' id='word_1_154' title='bbox 179 2913 354 2986; x_wconf 86' lang='lat' dir='ltr'><strong>dissoluto</strong></span> <span class='ocrx_word' id='word_1_155' title='bbox 374 2941 495 2989; x_wconf 86' lang='lat' dir='ltr'><strong>rerum</strong></span> <span class='ocrx_word' id='word_1_156' title='bbox 507 2929 621 2988; x_wconf 86' lang='lat' dir='ltr'><strong>tractu</strong></span> <span class='ocrx_word' id='word_1_157' title='bbox 635 2913 838 3014; x_wconf 89' lang='lat' dir='ltr'><strong>proposuit,</strong></span> <span class='ocrx_word' id='word_1_158' title='bbox 862 2934 903 2985; x_wconf 82' lang='lat' dir='ltr'><strong>en</strong></span> <span class='ocrx_word' id='word_1_159' title='bbox 920 2912 1053 2984; x_wconf 90' lang='lat' dir='ltr'><strong>Tullius</strong></span> <span class='ocrx_word' id='word_1_160' title='bbox 1064 2914 1177 2988; x_wconf 76' lang='lat' dir='ltr'><strong>lirma</strong></span> 
     </span>
     <span class='ocr_line' id='line_1_24' title="bbox 178 3026 1177 3127; baseline 0.006 -29"><span class='ocrx_word' id='word_1_161' title='bbox 178 3026 336 3124; x_wconf 81' lang='lat' dir='ltr'><strong>quadam</strong></span> <span class='ocrx_word' id='word_1_162' title='bbox 358 3042 396 3101; x_wconf 88' lang='lat' dir='ltr'><strong>et</strong></span> <span class='ocrx_word' id='word_1_163' title='bbox 420 3043 518 3127; x_wconf 85' lang='lat' dir='ltr'><strong>grata</strong></span> <span class='ocrx_word' id='word_1_164' title='bbox 542 3043 578 3102; x_wconf 90' lang='lat' dir='ltr'><strong>et</strong></span> <span class='ocrx_word' id='word_1_165' title='bbox 593 3028 741 3100; x_wconf 82' lang='lat' dir='ltr'><strong>viriliter</strong></span> <span class='ocrx_word' id='word_1_166' title='bbox 760 3051 880 3126; x_wconf 87' lang='lat' dir='ltr'><strong>pressa</strong></span> <span class='ocrx_word' id='word_1_167' title='bbox 902 3027 1073 3101; x_wconf 80' lang='lat' dir='ltr'><strong>brevitate</strong></span> <span class='ocrx_word' id='word_1_168' title='bbox 1090 3053 1177 3104; x_wconf 90' lang='lat' dir='ltr'><strong>con·</strong></span> 
     </span>
     <span class='ocr_line' id='line_1_25' title="bbox 179 3129 1178 3242; baseline 0.002 -27"><span class='ocrx_word' id='word_1_169' title='bbox 179 3145 339 3242; x_wconf 84' lang='lat' dir='ltr'><strong>scripsit,</strong></span> <span class='ocrx_word' id='word_1_170' title='bbox 358 3144 432 3217; x_wconf 86' lang='lat' dir='ltr'><strong>sive</strong></span> <span class='ocrx_word' id='word_1_171' title='bbox 451 3146 625 3218; x_wconf 78' lang='lat' dir='ltr'><strong>sermonis</strong></span> <span class='ocrx_word' id='word_1_172' title='bbox 649 3129 927 3214; x_wconf 84' lang='lat' dir='ltr'><strong>vicissitudinem</strong></span> <span class='ocrx_word' id='word_1_173' title='bbox 949 3145 1178 3218; x_wconf 86' lang='lat' dir='ltr'><strong>commenda·</strong></span> 
     </span>
     <span class='ocr_line' id='line_1_26' title="bbox 181 3256 1178 3357; baseline 0.001 -27"><span class='ocrx_word' id='word_1_174' title='bbox 181 3257 273 3330; x_wconf 79' lang='lat' dir='ltr'><strong>verit</strong></span> <span class='ocrx_word' id='word_1_175' title='bbox 299 3272 335 3330; x_wconf 91' lang='lat' dir='ltr'><strong>et</strong></span> <span class='ocrx_word' id='word_1_176' title='bbox 360 3283 427 3357; x_wconf 89' lang='lat' dir='ltr'><strong>pro</strong></span> <span class='ocrx_word' id='word_1_177' title='bbox 445 3259 550 3330; x_wconf 85' lang='lat' dir='ltr'><strong>variis</strong></span> <span class='ocrx_word' id='word_1_178' title='bbox 568 3257 674 3330; x_wconf 89' lang='lat' dir='ltr'><strong>rebus</strong></span> <span class='ocrx_word' id='word_1_179' title='bbox 695 3257 918 3344; x_wconf 83' lang='lat' dir='ltr'><strong>varietatem3</strong></span> <span class='ocrx_word' id='word_1_180' title='bbox 934 3257 1006 3327; x_wconf 88' lang='lat' dir='ltr'><strong>sive</strong></span> <span class='ocrx_word' id='word_1_181' title='bbox 1023 3256 1178 3331; x_wconf 69' lang='lat' dir='ltr'><strong>chaberi</strong></span> 
     </span>
     <span class='ocr_line' id='line_1_27' title="bbox 179 3368 1178 3469; baseline 0.002 -29"><span class='ocrx_word' id='word_1_182' title='bbox 179 3368 392 3469; x_wconf 85' lang='lat' dir='ltr'><strong>plerumque</strong></span> <span class='ocrx_word' id='word_1_183' title='bbox 407 3395 588 3443; x_wconf 84' lang='lat' dir='ltr'><strong>sermones</strong></span> <span class='ocrx_word' id='word_1_184' title='bbox 599 3384 659 3442; x_wconf 86' lang='lat' dir='ltr'><strong>aut</strong></span> <span class='ocrx_word' id='word_1_185' title='bbox 669 3368 715 3440; x_wconf 89' lang='lat' dir='ltr'><strong>de</strong></span> <span class='ocrx_word' id='word_1_186' title='bbox 728 3368 931 3438; x_wconf 83' lang='lat' dir='ltr'><strong>domesticis</strong></span> <span class='ocrx_word' id='word_1_187' title='bbox 949 3370 1100 3465; x_wconf 83' lang='lat' dir='ltr'><strong>negotiis</strong></span> <span class='ocrx_word' id='word_1_188' title='bbox 1117 3385 1178 3442; x_wconf 83' lang='lat' dir='ltr'><strong>aut</strong></span> 
     </span>
     <span class='ocr_line' id='line_1_28' title="bbox 178 3478 1174 3582; baseline -0.003 -29"><span class='ocrx_word' id='word_1_189' title='bbox 178 3480 227 3554; x_wconf 87' lang='lat' dir='ltr'><strong>de</strong></span> <span class='ocrx_word' id='word_1_190' title='bbox 237 3482 434 3582; x_wconf 82' lang='lat' dir='ltr'><strong>republica,</strong></span> <span class='ocrx_word' id='word_1_191' title='bbox 444 3483 567 3556; x_wconf 83' lang='lat' dir='ltr'><strong>-autde</strong></span> <span class='ocrx_word' id='word_1_192' title='bbox 579 3483 708 3554; x_wconf 86' lang='lat' dir='ltr'><strong>artium</strong></span> <span class='ocrx_word' id='word_1_193' title='bbox 721 3478 845 3552; x_wconf 88' lang='lat' dir='ltr'><strong>studiis</strong></span> <span class='ocrx_word' id='word_1_194' title='bbox 860 3495 965 3576; x_wconf 87' lang='lat' dir='ltr'><strong>atque</strong></span> <span class='ocrx_word' id='word_1_195' title='bbox 980 3481 1142 3554; x_wconf 82' lang='lat' dir='ltr'><strong>doctrina</strong></span> <span class='ocrx_word' id='word_1_196' title='bbox 1156 3510 1174 3550; x_wconf 81' lang='lat' dir='ltr'><strong>u</strong></span> 
     </span>
     <span class='ocr_line' id='line_1_29' title="bbox 176 3591 1177 3686; baseline 0.001 -20"><span class='ocrx_word' id='word_1_197' title='bbox 176 3593 308 3666; x_wconf 81' lang='lat' dir='ltr'><strong>dixerit</strong></span> <span class='ocrx_word' id='word_1_198' title='bbox 322 3623 333 3686; x_wconf 79' lang='lat'><em>3</em></span> <span class='ocrx_word' id='word_1_199' title='bbox 353 3597 426 3669; x_wconf 86' lang='lat' dir='ltr'><strong>sive</strong></span> <span class='ocrx_word' id='word_1_200' title='bbox 435 3597 477 3668; x_wconf 88' lang='lat' dir='ltr'><strong>iis</strong></span> <span class='ocrx_word' id='word_1_201' title='bbox 485 3593 736 3668; x_wconf 84' lang='lat' dir='ltr'><strong>adhibendum·</strong></span> <span class='ocrx_word' id='word_1_202' title='bbox 746 3616 821 3663; x_wconf 85' lang='lat' dir='ltr'><strong>esse</strong></span> <span class='ocrx_word' id='word_1_203' title='bbox 838 3591 988 3662; x_wconf 92' lang='lat' dir='ltr'><strong>modum</strong></span> <span class='ocrx_word' id='word_1_204' title='bbox 1005 3607 1040 3663; x_wconf 89' lang='lat' dir='ltr'><strong>et</strong></span> <span class='ocrx_word' id='word_1_205' title='bbox 1057 3609 1177 3666; x_wconf 84' lang='lat' dir='ltr'><strong>motus</strong></span> 
     </span>
    </p>
   </div>
   <div class='ocr_carea' id='block_1_4' title="bbox 181 3819 1178 4036">
    <p class='ocr_par' dir='ltr' id='par_1_4' title="bbox 181 3819 1178 4036">
     <span class='ocr_line' id='line_1_30' title="bbox 181 3819 1174 3911; baseline 0.001 -19"><span class='ocrx_word' id='word_1_206' title='bbox 181 3833 218 3892; x_wconf 85' lang='lat' dir='ltr'><strong>et</strong></span> <span class='ocrx_word' id='word_1_207' title='bbox 233 3820 271 3892; x_wconf 88' lang='lat' dir='ltr'><strong>in</strong></span> <span class='ocrx_word' id='word_1_208' title='bbox 290 3821 581 3895; x_wconf 85' lang='lat' dir='ltr'><strong>contentionibus</strong></span> <span class='ocrx_word' id='word_1_209' title='bbox 607 3820 856 3911; x_wconf 76' lang='lat' dir='ltr'><strong>admonuerit,</strong></span> <span class='ocrx_word' id='word_1_210' title='bbox 883 3820 961 3899; x_wconf 69' lang='lat' dir='ltr'><strong>sive,</strong></span> <span class='ocrx_word' id='word_1_211' title='bbox 976 3847 995 3888; x_wconf 79' lang='lat' dir='ltr'><strong>u</strong></span> <span class='ocrx_word' id='word_1_212' title='bbox 1013 3819 1174 3895; x_wconf 84' lang='lat' dir='ltr'><strong>deforme</strong></span> 
     </span>
     <span class='ocr_line' id='line_1_31' title="bbox 182 3933 1178 4036; baseline 0.003 -32"><span class='ocrx_word' id='word_1_213' title='bbox 182 3956 259 4005; x_wconf 88' lang='lat' dir='ltr'><strong>esse</strong></span> <span class='ocrx_word' id='word_1_214' title='bbox 273 3933 318 4007; x_wconf 91' lang='lat' dir='ltr'><strong>de</strong></span> <span class='ocrx_word' id='word_1_215' title='bbox 335 3959 372 4006; x_wconf 88' lang='lat' dir='ltr'><strong>se</strong></span> <span class='ocrx_word' id='word_1_216' title='bbox 388 3935 466 4035; x_wconf 89' lang='lat' dir='ltr'><strong>ipso</strong></span> <span class='ocrx_word' id='word_1_217' title='bbox 482 3933 686 4036; x_wconf 85' lang='lat' dir='ltr'><strong>praedicare,</strong></span> <span class='ocrx_word' id='word_1_218' title='bbox 706 3933 791 4005; x_wconf 81' lang='lat' dir='ltr'><strong>falsa</strong></span> <span class='ocrx_word' id='word_1_219' title='bbox 803 3934 1009 4032; x_wconf 77' lang='lat' dir='ltr'><strong>praesertim,</strong></span> <span class='ocrx_word' id='word_1_220' title='bbox 1029 3948 1076 4026; x_wconf 86' lang='lat' dir='ltr'><strong>et,</strong></span> <span class='ocrx_word' id='word_1_221' title='bbox 1094 3959 1178 4007; x_wconf 90' lang='lat' dir='ltr'><strong>cum</strong></span> 
     </span>
    </p>
   </div>
   <div class='ocr_carea' id='block_1_5' title="bbox 225 4129 705 4236">
    <p class='ocr_par' dir='ltr' id='par_1_5' title="bbox 225 4129 705 4236">
     <span class='ocr_line' id='line_1_32' title="bbox 225 4129 705 4236; baseline -0.002 -20"><span class='ocrx_word' id='word_1_222' title='bbox 225 4159 253 4216; x_wconf 84' lang='lat' dir='ltr'><strong>t.</strong></span> <span class='ocrx_word' id='word_1_223' title='bbox 276 4157 334 4222; x_wconf 74' lang='lat' dir='ltr'><strong>cie.</strong></span> <span class='ocrx_word' id='word_1_224' title='bbox 351 4160 387 4215; x_wconf 73' lang='lat' dir='ltr'><strong>ae</strong></span> <span class='ocrx_word' id='word_1_225' title='bbox 402 4155 500 4234; x_wconf 72' lang='lat' dir='ltr'><strong>offic,</strong></span> <span class='ocrx_word' id='word_1_226' title='bbox 514 4161 545 4236; x_wconf 92' lang='lat'><strong>1,</strong></span> <span class='ocrx_word' id='word_1_227' title='bbox 564 4129 644 4217; x_wconf 74' lang='lat' dir='ltr'><strong>sr&#39;e&#39;t</strong></span> <span class='ocrx_word' id='word_1_228' title='bbox 657 4161 705 4220; x_wconf 79' lang='lat' dir='ltr'><strong>ss.</strong></span> 
     </span>
    </p>
   </div>
   <div class='ocr_carea' id='block_1_6' title="bbox 0 0 1452 5056">
    <p class='ocr_par' dir='ltr' id='par_1_6' title="bbox 0 0 1452 5056">
     <span class='ocr_line' id='line_1_33' title="bbox 0 0 1452 5056; baseline 0 0"><span class='ocrx_word' id='word_1_229' title='bbox 0 0 1452 5056; x_wconf 95' lang='lat' dir='ltr'><strong> </strong></span> 
     </span>
    </p>
   </div>
  </div>
 </body>
</html>
