2866 5056
692 409 890 482 ...55-

279 557 580 664 splendidissimis
624 557 771 655 Augusti
808 561 1045 631 Treverorum
1088 557 1291 640 honoribus

283 676 381 780 apud
398 674 609 746 Gratianum
628 686 664 744 et
682 671 791 745 etiam
808 673 998 746 consulatu
1019 672 1211 748 decoratus
1236 703 1290 751 es·

283 791 348 878 set,
369 785 529 860 ethnicas
551 797 672 856 tamen
694 785 976 884 superstitiones,
994 783 1078 858 licet
1099 787 1240 861 Paulini
1257 805 1292 868 et

282 901 449 996 magister
465 913 500 971 et
513 898 665 988 amicus,
685 897 714 968 si
732 923 807 970 non
824 899 933 970 animi
949 896 1020 972 fide
1038 914 1074 972 et
1090 901 1289 1000 voluntate,

283 1025 440 1084 attamen
457 1024 630 1111 perpetua
649 1010 874 1106 excogitandi
892 1026 927 1082 et
943 1011 1124 1086 scribendi
1134 1017 1289 1112 ratione,

282 1121 447 1197 servavit.
472 1123 568 1210 Quin
596 1123 704 1194 etiam
732 1125 901 1214 Pacatus,
926 1123 984 1198 ille
1009 1125 1292 1223 elegantissimus

281 1237 474 1310 Theodosii
483 1237 700 1335 panegyrico
715 1261 881 1308 sermone
891 1237 1072 1331 laudator,
1087 1266 1196 1338 quem
1209 1242 1292 1318 Gal·

280 1351 357 1424 lum
367 1349 481 1449 patria
489 1347 595 1420 luisse
604 1348 795 1421 verisimile
805 1363 870 1441 est,
881 1351 1012 1424 eodem
1026 1352 1225 1428 inveterato
1239 1382 1293 1430 er·

278 1485 362 1534 rore
377 1459 536 1533 imbutus
549 1461 703 1533 videtur.
722 1461 809 1533 Mihi
824 1461 861 1534 in
880 1479 1052 1563 promptu
1068 1481 1159 1538 esset
1179 1468 1291 1542 modo

280 1573 499 1672 Symmachi,
521 1573 633 1648 modo
651 1573 849 1667 Claudiani,
865 1574 977 1647 modo
996 1592 1213 1673 ceterorum,
1230 1583 1292 1679 qui

277 1685 387 1759 latine
401 1709 438 1758 1v
452 1685 581 1759 saeculo
599 1685 816 1785 scripserunt
832 1701 868 1758 et
885 1688 922 1757 in
934 1712 1158 1788 paganorum
1171 1716 1292 1767 errore

279 1812 576 1897 perseverarunt,
606 1798 755 1871 nomina
780 1799 978 1897 colligenti,
1002 1826 1204 1876 asseverare
1229 1804 1292 1880 diu
1372 1841 1375 1848 ·

278 1911 414 1984 multos
432 1915 593 1984 Romana
607 1909 729 2008 lingua
751 1938 836 1985 usos
865 1915 1057 2014 scriptores
1081 1916 1179 1989 hunc
1206 1920 1291 1990 reti·

278 2026 411 2118 troisse,
423 2025 580 2099 iisetianr
591 2023 827 2125 temporibus,
838 2027 1129 2124 quibusltomani
1139 2029 1293 2130 impera-

280 2139 1293 2238 tores,praeterJulianum,insignidiligentiaacseveritate

280 2251 509 2324 ethnicorum
526 2251 713 2323 mendacia
731 2252 893 2323 insectati
911 2268 1007 2325 sunt.
1027 2254 1097 2326 Sed
1117 2259 1292 2353 quoniam

280 2362 425 2435 abunde
442 2387 485 2436 ex
501 2363 544 2436 iis
561 2362 744 2455 omnibus,
764 2387 842 2462 quae
865 2390 974 2466 supra
991 2369 1195 2466 composui,
1215 2369 1292 2442 Vic-

279 2491 397 2549 torem
417 2478 530 2574 liquet
541 2479 726 2553 ethnicum
744 2479 847 2554 luisse
866 2481 1061 2576 rhetorem,
1081 2483 1292 2557 nunclocus

279 2589 370 2664 inde'
381 2591 623 2666 concludendi
639 2608 692 2666 est
713 2621 792 2693 quae
808 2611 886 2669 tum
897 2596 1092 2690 Victorem,
1113 2612 1191 2668 tum
1209 2598 1291 2668 Vic-

278 2705 367 2778 toris
388 2706 519 2782 librum
541 2709 669 2782 melius
693 2733 736 2782 ac
760 2709 901 2814 planius
921 2709 1087 2783 aestimari
1108 2711 1239 2783 sinant.

278 2836 280 2846 '
328 2825 448 2921 Magni
464 2823 562 2896 enim
580 2825 726 2897 interest
742 2824 786 2899 ad
804 2850 927 2897 veram
944 2823 990 2896 de
1009 2821 1162 2896 rhetoris
1179 2823 1291 2898 nostri

281 2935 447 3010 laenitate
464 2938 675 3035 opinionem
687 2936 724 3009 id
736 2937 981 3036 comprobari,
993 2951 1113 3011 utrum
1128 2939 1291 3011 ethnicus

280 3048 395 3123 homo
419 3074 533 3122 necne
557 3052 675 3124 suerit.
707 3054 830 3138 Quum
846 3067 967 3126 autem
992 3077 1217 3152 paganorum
1238 3077 1293 3124 su·

280 3161 491 3266 perstitione
502 3161 608 3236 nobis
620 3163 808 3237 manifesto
823 3165 1018 3238 innutritus
1029 3190 1105 3237 esse
1113 3163 1291 3259 videatur,

275 3265 393 3376 ¹quarn
424 3300 538 3373 quum
562 3275 715 3348 maxime
741 3275 816 3374 jam
845 3275 1075 3372 intelligimus
1098 3277 1222 3348 curin
1249 3300 1294 3349 eo

283 3403 425 3465 tanturn
441 3389 500 3484 sit,
513 3404 554 3463 ut
567 3404 729 3462 veterum
740 3389 931 3463 rhetorum
943 3389 1091 3486 vestigia
1105 3411 1296 3487 persequa-

282 3520 356 3597 tur,
376 3519 412 3577 et
430 3503 519 3576 nihil
536 3505 644 3596 novi,
664 3502 753 3576 nihil
777 3503 947 3602 praecipui
965 3525 1093 3574 eorum
1108 3501 1307 3599 praeceptis·

284 3616 440 3712 adjiciat.
466 3620 633 3704 Quanam
656 3616 794 3688 ratione
820 3614 1037 3687 rhetoricam
1054 3628 1168 3686 artem
1184 3637 1295 3711 paga·

231 3745 257 3756 ·’
285 3754 353 3802 nus
375 3729 548 3801 illustrare
566 3741 727 3828 poterat,
749 3751 863 3826 quum
880 3725 1085 3824 eloquentia
1104 3725 1182 3826 ipsa
1204 3723 1295 3796 nihil

285 3841 419 3914 illustre
433 3840 562 3917 edebat
576 3841 590 3913 i
620 3840 746 3912 Omnis
758 3839 892 3936 ingenii
905 3839 980 3930 lux,
997 3863 1105 3910 omne
1119 3837 1296 3935 quodam·

285 3954 398 4031 modo
416 3955 562 4028 moralis
588 3954 669 4028 vitae
690 3967 726 4027 et
749 3953 929 4052 gravitatis
958 3951 1147 4038 indicium,
1175 3949 1293 4022 omnis

286 4096 424 4173 magnae
440 4072 653 4172 eloquentiae
669 4094 832 4170 campus,
848 4069 968 4143 omnis
984 4064 1205 4166 intelligendi
1222 4065 1290 4159 vis,

286 4189 405 4261 omnis
417 4209 512 4262 nova
529 4185 695 4285 quaedam
707 4195 827 4256 mente
841 4181 1011 4257 divinitus
1026 4179 1195 4254 instincta
1205 4199 1291 4278 pro·
