2866 5056
567 361 764 439 ...59-

159 504 371 603 eloquenter
382 505 460 577 vult
475 503 607 594 dicere,
623 507 797 602 quoniam
815 508 975 606 prolecto
989 509 1069 609 plus
1081 535 1166 610 pro·

159 617 266 709 derit,
294 619 324 690 si
351 633 541 721 utrumque
558 618 730 727 potuerit,
762 619 809 690 ad
832 619 1004 720 legendos
1023 624 1080 696 vel
1100 650 1165 698 au·

160 729 313 802 diendos
329 745 365 802 et
380 731 633 804 exercitatione
650 731 843 803 imitandos
859 733 1067 832 eloquentes
1080 763 1165 810 curn
1282 735 1286 742 ’

160 843 265 926 mitto
288 843 483 936 libentius,
509 867 621 941 quem
650 843 826 940 magistris
859 846 946 920 artis
977 847 1164 926 rhetoricae
1293 887 1294 892 =

158 979 286 1038 vacare
302 957 497 1058 praecipior
522 956 552 1033 si
575 969 697 1038 tamen
709 955 747 1029 ‘ii
764 955 827 1053 qui
843 954 1011 1052 leguntur
1024 959 1080 1038 rel
1102 985 1164 1038 au·

158 1066 323 1162 dicutur,
343 1094 419 1147 non
437 1067 556 1150 solum
574 1067 801 1166 eloquenter,
821 1068 884 1144 sed
895 1070 1011 1147 ctiam
1027 1073 1165 1170 sapien·

155 1195 210 1258 tor
244 1180 376 1268 dirime
410 1182 468 1266 vel
499 1182 617 1264 dicere
654 1179 772 1256 veraci
806 1181 1060 1280 predicatione
1089 1183 1166 1262 lau·

155 1291 303 1371 damur.
322 1323 341 1360 n

180 1409 287 1490 tton
317 1429 403 1483 actm
434 1404 632 1504 puerilibus
657 1405 843 1504 indulgere
869 1405 968 1482 volui
1003 1407 1160 1504 deliciis,

155 1515 395 1614 turturinum
426 1532 463 1593 et
487 1518 671 1596 Victorem
702 1519 866 1596 conferre
898 1519 991 1597 inter
1018 1545 1056 1594 se
1088 1537 1163 1600 tam

155 1627 360 1709 differentes
386 1631 483 1707 viros
514 1630 701 1728 tentando,
730 1648 967 1732 praeterquam
997 1635 1097 1734 quod
1120 1661 1164 1713 ea

154 1742 317 1834 collam,
338 1744 477 1824 etiamn
493 1743 571 1821 steri
585 1761 725 1844 posset,
744 1771 820 1822 non
838 1745 945 1844 hujus
966 1747 1037 1822 loci
1053 1764 1158 1827 esset.

155 1856 282 1940 Itidem
291 1882 367 1933 uon
378 1857 466 1935 mihi
474 1858 801 1935 dissimulavihaud
810 1859 936 1932 eadem
945 1861 1162 1959 postulanda

155 1979 235 2047 osse
249 1994 270 2053 a
285 1969 431 2051 rhetore
445 1971 599 2068 (etiamsi
611 1971 825 2047 christianus
834 1970 970 2072 luisset)
986 1975 1048 2074 qui
1061 1975 1162 2072 juve·

152 2082 211 2168 uis
224 2085 347 2180 gratia,
363 2083 565 2163 forensibus
579 2083 835 2163 certaminibus
852 2109 888 2158 se
900 2089 1158 2184 comparantis,

153 2197 334 2295 scripsisse
343 2196 539 2280 rhetorices
548 2197 806 2296 compendium
815 2197 971 2291 videtur,
980 2197 1073 2272 etab
1087 2223 1160 2280 uno

152 2331 173 2386 e
198 2308 496 2408 pmstantuimis
518 2309 682 2389 Ecclesiae
710 2309 938 2400 doctoribus,
963 2312 1025 2409 qui
1047 2335 1161 2408 quum

153 2423 360 2520 gravissime
372 2421 418 2502 dc
434 2424 608 2501 Doctrina
625 2423 828 2501 Christiana
845 2422 979 2514 scribit,
996 2423 1162 2522 quaedam

152 2559 197 2622 st
213 2534 397 2622 uberrimo
418 2535 551 2636 ingenii
569 2536 668 2614 sonte
683 2535 812 2620 hausta
835 2536 881 2608 de
896 2537 989 2612 sacri
1009 2539 1162 2614 oratoris

152 2671 304 2727 munere
320 2647 437 2724 obiter
453 2649 618 2731 esuum.
644 2649 715 2726 Sed
733 2675 777 2726 ex
798 2649 899 2724 omni
920 2649 980 2724 illa
1003 2647 1160 2748 disputa·

151 2759 252 2842 tone
274 2759 347 2838 hoc
368 2760 511 2838 trahere
532 2763 570 2837 in
595 2763 718 2838 auimo
738 2762 817 2853 suit,
835 2786 981 2860 nempe,
1004 2762 1069 2834 etsi
1082 2785 1160 2836 non

151 2871 250 2953 atiud
270 2897 293 2952 tt
313 2875 469 2952 Victoris
493 2874 711 2976 compendio
745 2875 867 2973 (etiarn
893 2875 923 2947 si
947 2872 1160 2948 christianus

151 2982 275 3067 luisset
306 2985 442 3082 homo)
471 2988 562 3086 erigi
594 2986 719 3064 deceat
760 3011 870 3086 quam
905 2983 1005 3084 quod
1036 2983 1159 3059 rheto-

151 3096 244 3178 rices
259 3098 357 3182 istud
376 3098 583 3179 brevartum
600 3098 824 3198 postulabat,
854 3114 973 3172 tamen
999 3098 1160 3172 sutorum

151 3206 259 3290 tuisse
291 3226 331 3286 ut
358 3213 474 3309 major
503 3213 760 3293 sententiarum
789 3211 943 3314 dignitas
975 3225 1010 3287 et
1039 3211 1092 3283 vis
1123 3222 1160 3286 et

150 3321 324 3419 splendor
337 3338 373 3402 ct
387 3324 499 3422 gratia
515 3338 552 3400 et
562 3326 703 3405 novitas
716 3339 752 3399 et
768 3326 873 3425 copia
890 3339 925 3397 ct
941 3325 1094 3422 gravitas
1108 3321 1158 3399 ibi

149 3431 381 3528 effloruisset,
399 3437 429 3522 si
446 3461 542 3530 non,
560 3436 678 3517 servili
692 3462 816 3530 more,
838 3452 1001 3511 veterum
1018 3450 1157 3516 tantum

150 3569 374 3646 paganorum
385 3549 572 3632 rhetorum
584 3550 743 3648 vestigia,
757 3574 916 3650 paganus
930 3550 1005 3650 ipse
1018 3546 1154 3640 rhetor,

150 3656 272 3740 suisset
288 3661 480 3741 insecutus.
