2880 5058
690 439 742 470 ε·-
766 408 839 486 tlt
862 447 913 469 -

298 557 505 638 nervam
528 588 546 628 a
563 551 683 658 PTrcpe
697 574 763 651 est,
783 561 832 637 ait
847 562 870 653 ¹,
889 571 974 632 utre
989 578 1137 658 arguere
1152 557 1305 633 debean

298 681 399 784 quod
423 677 555 755 saecttlo
582 693 710 750 nostro
730 677 933 750 Tullianum
958 677 1091 778 stylum
1104 677 1208 751 semae
1223 695 1306 778 pett-

299 816 362 870 σω
378 793 551 868 invideas.
565 815 587 857 r

347 908 431 983 Dias
466 903 627 1006 prolecto
666 927 727 980 me
766 901 910 977 deficiat
946 926 989 978 ex·
1020 903 1307 1004 Symmachianls

298 1014 458 1123 spinulis
494 1035 743 1122 excerpentem
778 1038 1012 1118 quaecumque
1044 1017 1194 1113 utiliter,
1223 1037 1307 1100 cusu

295 1139 328 1208 l.
350 1137 392 1206 C.
406 1135 559 1208 Victoris
572 1134 777 1236 praeceptis,
799 1151 861 1204 seu
878 1131 1018 1205 diversa
1036 1153 1099 1205 seu
1119 1151 1308 1206 consomn
1433 1135 1434 1138 ‘

297 1249 365 1339 titt,
385 1247 539 1320 conferri
552 1261 719 1347 possunt.
740 1249 860 1334 Quare
873 1245 1037 1344 opusculi
1054 1245 1168 1317 nostri
1191 1246 1306 1344 spatio

298 1376 443 1435 coactus
470 1359 651 1454 desinam,
684 1383 726 1434 ea
758 1358 876 1432 obitas
902 1357 1000 1457 apud
1026 1357 1310 1457 Symmachum'

298 1473 592 1548 animadvertisse
604 1483 808 1562 contentus,
827 1495 906 1570 quae
923 1471 968 1543 ad
988 1472 1150 1544 comicos
1165 1471 1258 1544 sales
1273 1485 1310 1544 et

298 1609 422 1662 versus
451 1587 665 1681 commode,
684 1583 885 1659 secundum
912 1589 952 1656 C.
981 1589 1012 1657 J.
1043 1585 1252 1677 Victorem,
1268 1583 1309 1658 in

299 1700 468 1800 epistolas
477 1699 742 1774 transferendos
756 1699 924 1791 attinent,
940 1711 975 1770 et
988 1720 1067 1796 quae
1081 1723 1204 1772 revera
1217 1723 1309 1798 saepe

178 1824 184 1835 ’
298 1812 337 1884 in
359 1831 397 1884 rr
429 1827 465 1885 et
482 1837 507 1882 v
531 1812 649 1885 saeculi
676 1811 908 1912 epistolarum
934 1811 1184 1910 scriptoribus,
1202 1810 1309 1884 sethi

298 1928 410 2026 gratie
441 1925 594 1998 Sidonio
624 1925 835 2026 Apollinari,
869 1922 1208 2024 deprehenduntnr3
1246 1947 1309 1998 ssu

299 2039 384 2136 qaia
399 2039 451 2110 sic
467 2051 605 2110 reterm
622 2035 854 2136 epistolarum
872 2051 1036 2109 auctores
1052 2036 1308 2112 teneramunda

300 2172 321 2224 a
345 2149 461 2222 Tullio
477 2147 641 2250 principe
663 2165 699 2222 ct
724 2163 882 2239 auctore,
912 2173 974 2222 seu
992 2145 1138 2224 forsitan
1159 2152 1245 2250 quia
1261 2151 1309 2224 sic

299 2264 378 2340 lieri
394 2263 527 2336 dehere
545 2263 708 2336 rhetores
725 2264 762 2334 in
780 2263 925 2358 scholis,
941 2261 1252 2362 quemadmodum
1270 2289 1310 2338 ac

301 2382 343 2451 C.
362 2381 393 2447 J.
413 2376 598 2448 victorin
618 2375 815 2448 rhetoricas
834 2376 1068 2476 compendio,
1091 2377 1309 2450 docuerunt.
1433 2405 1434 2420 ¹

302 2492 391 2577 Quae
409 2489 532 2561 omnia
552 2487 723 2562 sedulos
749 2509 809 2562 me
833 2513 877 2562 er
893 2489 1098 2587 Symmachi
1123 2487 1249 2564 litteris
1273 2491 1312 2564 in

301 2603 505 2701 superiores
515 2603 679 2703 opusculi
696 2603 767 2674 mei
778 2603 925 2701 paginas
939 2597 1107 2676 translata
1121 2617 1223 2699 sunt,
1235 2625 1311 2676 non

278 2707 282 2722 '
303 2731 344 2788 ut
359 2715 488 2818 puerili
504 2717 625 2789 studio
644 2741 881 2815 quaecumque
896 2717 1078 2788 memoriae
1093 2715 1178 2788 inde
1199 2718 1310 2792 obve-

200 2823 204 2830 ’
303 2830 995 2930 nissent,temerecongcrcr·em,sedut
1009 2832 1312 2929 eaquaeprotinns

304 2960 501 3042 sequentur
517 2941 932 3016 firmiusconcluderem.
945 2947 996 3014 Ex
1008 2943 1065 3014 his
1078 2943 1176 3014 enim
1194 2943 1314 3016 omni·
1431 2993 1432 2998 ,

305 3055 388 3146 bus,
407 3077 486 3154 quae
502 3056 666 3156 superius
684 3081 704 3128 a
721 3055 827 3128 nobis
849 3071 910 3129 aut
927 3057 1056 3156 scripte
1076 3070 1138 3128 aut
1148 3069 1316 3156 excerpta

306 3183 404 3263 sunt,
425 3173 466 3241 C.
487 3173 517 3240 l.
539 3170 722 3242 Victorem
745 3183 781 3242 et
797 3169 1054 3267 Symmachum
1075 3184 1174 3269 patet
1188 3170 1315 3268 (quem

289 3278 487 3375 libentius,
500 3303 608 3382 quam
621 3283 783 3381 quemvis
792 3284 901 3356 alium
914 3283 1076 3380 ejusdem
1086 3283 1150 3355 aevi
1162 3284 1313 3384 scripto·

307 3420 404 3489 rem,
423 3421 508 3468 cum
534 3386 677 3470 rhetore
699 3413 823 3469 nostro
853 3396 1089 3491 contulimus,
1121 3398 1312 3493 quoniam,

223 3519 225 3524 '
308 3452 406 3582 velul
417 3509 487 3600 hic,
501 3525 584 3609 apta
596 3512 753 3609 epistolis
766 3525 940 3610 praecepta
956 3512 1089 3610 passim
1100 3507 1260 3604 tradidit,
1275 3535 1316 3583 ac

308 3639 479 3722 praeterea
491 3621 694 3716 Gallicanae,
714 3638 754 3695 ut
768 3622 922 3694 fatetur
913 3649 1003 3722 ipsc,
1016 3620 1188 3699 facundie
1198 3623 1315 3722 alum·
1429 3593 1430 3686 l

309 3735 481 3832 nusluit),
495 3734 580 3807 stbr
571 3757 726 3808 invicem
734 3735 866 3808 srnnles
879 3736 1063 3830 exstitisse,
1070 3735 1191 3833 quod
1181 3737 1320 3835 lugentt
1428 3759 1429 3780 t

311 3863 462 3950 uterque
482 3852 602 3926 studio
620 3851 804 3952 antiquam
820 3877 841 3926 a
855 3852 972 3926 'l’uliio
987 3865 1133 3928 auctore
1155 3867 1319 3927 exortam

357 4123 387 4179 l.
410 4119 521 4196 Symm.
545 4121 729 4194 Epor.,1x,
745 4139 792 4180 cr.

353 4211 383 4270 2.
407 4207 466 4285 td,
483 4206 925 4286 ibid.,v11,1x;IX,nmn.
978 4259 981 4264 .
