<?xml version="1.0" encoding="UTF-8"?>
<!DOCTYPE html PUBLIC "-//W3C//DTD XHTML 1.0 Transitional//EN"
    "http://www.w3.org/TR/xhtml1/DTD/xhtml1-transitional.dtd">
<html xmlns="http://www.w3.org/1999/xhtml" xml:lang="en" lang="en">
 <head>
  <title>
</title>
<meta http-equiv="Content-Type" content="text/html;charset=utf-8" />
  <meta name='ocr-system' content='tesseract 3.04.00' />
  <meta name='ocr-capabilities' content='ocr_page ocr_carea ocr_par ocr_line ocrx_word'/>
</head>
<body>
  <div class='ocr_page' id='page_1' title='image "./decaiijuliivict00victgoog_0085.png"; bbox 0 0 2866 5056; ppageno 0'>
   <div class='ocr_carea' id='block_1_1' title="bbox 673 376 870 448">
    <p class='ocr_par' dir='ltr' id='par_1_1' title="bbox 673 376 870 448">
     <span class='ocr_line' id='line_1_1' title="bbox 673 376 870 448; baseline 0 -14"><span class='ocrx_word' id='word_1_1' title='bbox 673 376 870 448; x_wconf 68' lang='lat'>..72-</span> 
     </span>
    </p>
   </div>
   <div class='ocr_carea' id='block_1_2' title="bbox 229 526 1297 3570">
    <p class='ocr_par' dir='ltr' id='par_1_2' title="bbox 229 526 1285 3570">
     <span class='ocr_line' id='line_1_2' title="bbox 275 526 1273 634; baseline 0 -29"><span class='ocrx_word' id='word_1_2' title='bbox 275 530 484 634; x_wconf 65' lang='lat' dir='ltr'>medaculis</span> <span class='ocrx_word' id='word_1_3' title='bbox 503 544 565 604; x_wconf 86' lang='lat' dir='ltr'>aut</span> <span class='ocrx_word' id='word_1_4' title='bbox 579 528 756 602; x_wconf 83' lang='lat' dir='ltr'>conviviis</span> <span class='ocrx_word' id='word_1_5' title='bbox 773 541 836 600; x_wconf 85' lang='lat' dir='ltr'>aut</span> <span class='ocrx_word' id='word_1_6' title='bbox 855 526 918 600; x_wconf 89' lang='lat' dir='ltr'>ubi</span> <span class='ocrx_word' id='word_1_7' title='bbox 940 528 1086 602; x_wconf 89' lang='lat' dir='ltr'>minime</span> <span class='ocrx_word' id='word_1_8' title='bbox 1102 531 1273 606; x_wconf 86' lang='lat' dir='ltr'>convenit</span> 
     </span>
     <span class='ocr_line' id='line_1_3' title="bbox 270 641 1285 742; baseline -0.001 -20"><span class='ocrx_word' id='word_1_9' title='bbox 270 647 471 722; x_wconf 85' lang='lat' dir='ltr'>doctrinam</span> <span class='ocrx_word' id='word_1_10' title='bbox 502 659 609 742; x_wconf 86' lang='lat' dir='ltr'>atque</span> <span class='ocrx_word' id='word_1_11' title='bbox 639 642 843 716; x_wconf 74' lang='lat' dir='ltr'><strong>facundiam</strong></span> <span class='ocrx_word' id='word_1_12' title='bbox 868 641 1070 734; x_wconf 78' lang='lat' dir='ltr'>venditare,</span> <span class='ocrx_word' id='word_1_13' title='bbox 1100 657 1162 716; x_wconf 89' lang='lat' dir='ltr'>aut</span> <span class='ocrx_word' id='word_1_14' title='bbox 1195 657 1285 722; x_wconf 83' lang='lat' dir='ltr'>rem</span> 
     </span>
     <span class='ocr_line' id='line_1_4' title="bbox 268 757 1272 861; baseline -0.001 -27"><span class='ocrx_word' id='word_1_15' title='bbox 268 757 790 861; x_wconf 77' lang='lat' dir='ltr'>publicamstrepereillliuime</span> <span class='ocrx_word' id='word_1_16' title='bbox 799 757 1074 856; x_wconf 89' lang='lat' dir='ltr'>oportetvinum</span> <span class='ocrx_word' id='word_1_17' title='bbox 1082 757 1129 832; x_wconf 91' lang='lat' dir='ltr'>de</span> <span class='ocrx_word' id='word_1_18' title='bbox 1137 759 1272 858; x_wconf 84' lang='lat' dir='ltr'>poculo</span> 
     </span>
     <span class='ocr_line' id='line_1_5' title="bbox 267 869 1272 968; baseline 0.002 -24"><span class='ocrx_word' id='word_1_19' title='bbox 267 873 304 944; x_wconf 94' lang='lat' dir='ltr'>in</span> <span class='ocrx_word' id='word_1_20' title='bbox 331 895 489 944; x_wconf 86' lang='lat' dir='ltr'>mensam</span> <span class='ocrx_word' id='word_1_21' title='bbox 513 869 699 961; x_wconf 87' lang='lat' dir='ltr'>instillare,</span> <span class='ocrx_word' id='word_1_22' title='bbox 725 869 836 968; x_wconf 87' lang='lat' dir='ltr'>idque</span> <span class='ocrx_word' id='word_1_23' title='bbox 857 869 1007 966; x_wconf 84' lang='lat' dir='ltr'>digitulo</span> <span class='ocrx_word' id='word_1_24' title='bbox 1034 869 1204 944; x_wconf 85' lang='lat' dir='ltr'>diducere</span> <span class='ocrx_word' id='word_1_25' title='bbox 1232 873 1272 946; x_wconf 87' lang='lat' dir='ltr'>in</span> 
     </span>
     <span class='ocr_line' id='line_1_6' title="bbox 265 981 1273 1084; baseline 0.004 -28"><span class='ocrx_word' id='word_1_26' title='bbox 265 982 379 1058; x_wconf 73' lang='lat' dir='ltr'>linem</span> <span class='ocrx_word' id='word_1_27' title='bbox 390 988 412 1057; x_wconf 90' lang='lat'>¹.</span> <span class='ocrx_word' id='word_1_28' title='bbox 437 982 527 1057; x_wconf 86' lang='lat' dir='ltr'>Mala</span> <span class='ocrx_word' id='word_1_29' title='bbox 544 983 611 1057; x_wconf 85' lang='lat' dir='ltr'>ista</span> <span class='ocrx_word' id='word_1_30' title='bbox 631 984 722 1056; x_wconf 85' lang='lat' dir='ltr'>satio</span> <span class='ocrx_word' id='word_1_31' title='bbox 744 984 782 1056; x_wconf 92' lang='lat' dir='ltr'>in</span> <span class='ocrx_word' id='word_1_32' title='bbox 806 983 972 1056; x_wconf 76' lang='lat' dir='ltr'>convivio</span> <span class='ocrx_word' id='word_1_33' title='bbox 990 981 1131 1080; x_wconf 84' lang='lat' dir='ltr'>garrula</span> <span class='ocrx_word' id='word_1_34' title='bbox 1148 1008 1190 1057; x_wconf 88' lang='lat' dir='ltr'>ac</span> <span class='ocrx_word' id='word_1_35' title='bbox 1205 1009 1273 1084; x_wconf 86' lang='lat' dir='ltr'>per</span> 
     </span>
     <span class='ocr_line' id='line_1_7' title="bbox 267 1093 1273 1194; baseline 0.003 -24"><span class='ocrx_word' id='word_1_36' title='bbox 267 1097 391 1170; x_wconf 81' lang='lat' dir='ltr'>vinum</span> <span class='ocrx_word' id='word_1_37' title='bbox 415 1095 563 1188; x_wconf 73' lang='lat' dir='ltr'>diserta,</span> <span class='ocrx_word' id='word_1_38' title='bbox 590 1111 625 1168; x_wconf 88' lang='lat' dir='ltr'>et</span> <span class='ocrx_word' id='word_1_39' title='bbox 649 1096 722 1170; x_wconf 86' lang='lat' dir='ltr'>lere</span> <span class='ocrx_word' id='word_1_40' title='bbox 748 1093 872 1170; x_wconf 81' lang='lat' dir='ltr'>videas</span> <span class='ocrx_word' id='word_1_41' title='bbox 896 1098 959 1194; x_wconf 90' lang='lat' dir='ltr'>qui</span> <span class='ocrx_word' id='word_1_42' title='bbox 982 1097 1067 1170; x_wconf 86' lang='lat' dir='ltr'>sicci</span> <span class='ocrx_word' id='word_1_43' title='bbox 1097 1121 1140 1170; x_wconf 88' lang='lat' dir='ltr'>ac</span> <span class='ocrx_word' id='word_1_44' title='bbox 1162 1098 1273 1174; x_wconf 77' lang='lat' dir='ltr'>sobrii</span> 
     </span>
     <span class='ocr_line' id='line_1_8' title="bbox 266 1207 1271 1310; baseline 0.003 -28"><span class='ocrx_word' id='word_1_45' title='bbox 266 1209 357 1282; x_wconf 86' lang='lat' dir='ltr'>nihil</span> <span class='ocrx_word' id='word_1_46' title='bbox 385 1223 487 1302; x_wconf 90' lang='lat' dir='ltr'>sunt,</span> <span class='ocrx_word' id='word_1_47' title='bbox 512 1233 575 1281; x_wconf 89' lang='lat' dir='ltr'>eos</span> <span class='ocrx_word' id='word_1_48' title='bbox 596 1207 763 1282; x_wconf 88' lang='lat' dir='ltr'>madidos</span> <span class='ocrx_word' id='word_1_49' title='bbox 789 1209 974 1307; x_wconf 79' lang='lat' dir='ltr'>friguttire.</span> <span class='ocrx_word' id='word_1_50' title='bbox 1000 1214 1043 1282; x_wconf 86' lang='lat' dir='ltr'>Et</span> <span class='ocrx_word' id='word_1_51' title='bbox 1065 1223 1271 1310; x_wconf 87' lang='lat' dir='ltr'>temporum</span> 
     </span>
     <span class='ocr_line' id='line_1_9' title="bbox 267 1317 1270 1411; baseline -0.001 -18"><span class='ocrx_word' id='word_1_52' title='bbox 267 1319 333 1394; x_wconf 87' lang='lat' dir='ltr'>tibi</span> <span class='ocrx_word' id='word_1_53' title='bbox 349 1342 435 1392; x_wconf 90' lang='lat' dir='ltr'>cura</span> <span class='ocrx_word' id='word_1_54' title='bbox 453 1318 514 1410; x_wconf 88' lang='lat' dir='ltr'>sit,</span> <span class='ocrx_word' id='word_1_55' title='bbox 534 1343 580 1392; x_wconf 90' lang='lat' dir='ltr'>ne</span> <span class='ocrx_word' id='word_1_56' title='bbox 599 1319 636 1390; x_wconf 92' lang='lat' dir='ltr'>in</span> <span class='ocrx_word' id='word_1_57' title='bbox 656 1318 762 1392; x_wconf 88' lang='lat' dir='ltr'>rebus</span> <span class='ocrx_word' id='word_1_58' title='bbox 781 1317 940 1392; x_wconf 86' lang='lat' dir='ltr'>tristibus</span> <span class='ocrx_word' id='word_1_59' title='bbox 960 1318 1057 1411; x_wconf 82' lang='lat' dir='ltr'>laeta,</span> <span class='ocrx_word' id='word_1_60' title='bbox 1074 1343 1124 1391; x_wconf 86' lang='lat' dir='ltr'>ne</span> <span class='ocrx_word' id='word_1_61' title='bbox 1151 1320 1189 1392; x_wconf 89' lang='lat' dir='ltr'>in</span> <span class='ocrx_word' id='word_1_62' title='bbox 1210 1319 1270 1392; x_wconf 85' lang='lat' dir='ltr'>lae-</span> 
     </span>
     <span class='ocr_line' id='line_1_10' title="bbox 267 1431 1284 1531; baseline -0.002 -23"><span class='ocrx_word' id='word_1_63' title='bbox 267 1433 417 1508; x_wconf 77' lang='lat' dir='ltr'>tionibus</span> <span class='ocrx_word' id='word_1_64' title='bbox 433 1433 546 1505; x_wconf 88' lang='lat' dir='ltr'>tristia</span> <span class='ocrx_word' id='word_1_65' title='bbox 557 1431 778 1506; x_wconf 71' lang='lat' dir='ltr'>introducas.</span> <span class='ocrx_word' id='word_1_66' title='bbox 789 1433 1032 1507; x_wconf 85' lang='lat' dir='ltr'>Hisuntenim</span> <span class='ocrx_word' id='word_1_67' title='bbox 1044 1457 1136 1531; x_wconf 90' lang='lat' dir='ltr'>quos</span> <span class='ocrx_word' id='word_1_68' title='bbox 1146 1434 1284 1507; x_wconf 84' lang='lat' dir='ltr'>Cicero-</span> 
     </span>
     <span class='ocr_line' id='line_1_11' title="bbox 266 1545 1271 1645; baseline 0.002 -27"><span class='ocrx_word' id='word_1_69' title='bbox 266 1547 408 1644; x_wconf 88' lang='lat' dir='ltr'>ineptos</span> <span class='ocrx_word' id='word_1_70' title='bbox 419 1560 541 1638; x_wconf 79' lang='lat' dir='ltr'>vocat,</span> <span class='ocrx_word' id='word_1_71' title='bbox 556 1547 617 1644; x_wconf 89' lang='lat' dir='ltr'>qui</span> <span class='ocrx_word' id='word_1_72' title='bbox 630 1571 748 1644; x_wconf 88' lang='lat' dir='ltr'>neque</span> <span class='ocrx_word' id='word_1_73' title='bbox 759 1546 841 1637; x_wconf 92' lang='lat' dir='ltr'>ubi,</span> <span class='ocrx_word' id='word_1_74' title='bbox 853 1571 922 1620; x_wconf 87' lang='lat' dir='ltr'>nec</span> <span class='ocrx_word' id='word_1_75' title='bbox 933 1545 1098 1645; x_wconf 86' lang='lat' dir='ltr'>quando,</span> <span class='ocrx_word' id='word_1_76' title='bbox 1110 1567 1271 1620; x_wconf 75' lang='lat' dir='ltr'>neceam</span> 
     </span>
     <span class='ocr_line' id='line_1_12' title="bbox 267 1657 1275 1759; baseline 0.003 -27"><span class='ocrx_word' id='word_1_77' title='bbox 267 1658 396 1756; x_wconf 85' lang='lat' dir='ltr'>quibus</span> <span class='ocrx_word' id='word_1_78' title='bbox 414 1657 619 1732; x_wconf 79' lang='lat' dir='ltr'>fabulentur</span> <span class='ocrx_word' id='word_1_79' title='bbox 645 1659 865 1753; x_wconf 85' lang='lat' dir='ltr'>existimant,</span> <span class='ocrx_word' id='word_1_80' title='bbox 892 1684 962 1732; x_wconf 83' lang='lat' dir='ltr'>neo</span> <span class='ocrx_word' id='word_1_81' title='bbox 984 1659 1174 1759; x_wconf 77' lang='lat' dir='ltr'>quamdiu,</span> <span class='ocrx_word' id='word_1_82' title='bbox 1202 1681 1275 1736; x_wconf 81' lang='lat' dir='ltr'>neu</span> 
     </span>
     <span class='ocr_line' id='line_1_13' title="bbox 267 1770 1272 1873; baseline 0.005 -30"><span class='ocrx_word' id='word_1_83' title='bbox 267 1770 467 1868; x_wconf 89' lang='lat' dir='ltr'>quomodo.</span> <span class='ocrx_word' id='word_1_84' title='bbox 484 1771 616 1845; x_wconf 84' lang='lat' dir='ltr'>Partim</span> <span class='ocrx_word' id='word_1_85' title='bbox 629 1772 709 1872; x_wconf 90' lang='lat' dir='ltr'>plus</span> <span class='ocrx_word' id='word_1_86' title='bbox 719 1773 896 1847; x_wconf 89' lang='lat' dir='ltr'>cachinno</span> <span class='ocrx_word' id='word_1_87' title='bbox 910 1773 1149 1848; x_wconf 86' lang='lat' dir='ltr'>interturbant</span> <span class='ocrx_word' id='word_1_88' title='bbox 1161 1793 1272 1873; x_wconf 85' lang='lat' dir='ltr'>quam</span> 
     </span>
     <span class='ocr_line' id='line_1_14' title="bbox 266 1883 1275 1984; baseline 0.004 -28"><span class='ocrx_word' id='word_1_89' title='bbox 266 1883 385 1958; x_wconf 82' lang='lat' dir='ltr'>verbis</span> <span class='ocrx_word' id='word_1_90' title='bbox 401 1883 596 1984; x_wconf 86' lang='lat' dir='ltr'>explicant,</span> <span class='ocrx_word' id='word_1_91' title='bbox 612 1886 724 1959; x_wconf 85' lang='lat' dir='ltr'>verba</span> <span class='ocrx_word' id='word_1_92' title='bbox 738 1886 953 1977; x_wconf 88' lang='lat' dir='ltr'>concidunt,</span> <span class='ocrx_word' id='word_1_93' title='bbox 972 1885 1124 1983; x_wconf 84' lang='lat' dir='ltr'>syllabas</span> <span class='ocrx_word' id='word_1_94' title='bbox 1138 1887 1275 1970; x_wconf 83' lang='lat' dir='ltr'>obscu-</span> 
     </span>
     <span class='ocr_line' id='line_1_15' title="bbox 268 1997 1271 2099; baseline 0.002 -27"><span class='ocrx_word' id='word_1_95' title='bbox 268 2011 366 2090; x_wconf 87' lang='lat' dir='ltr'>rant,</span> <span class='ocrx_word' id='word_1_96' title='bbox 379 1997 514 2072; x_wconf 87' lang='lat' dir='ltr'>litteras</span> <span class='ocrx_word' id='word_1_97' title='bbox 522 2013 562 2071; x_wconf 93' lang='lat' dir='ltr'>ut</span> <span class='ocrx_word' id='word_1_98' title='bbox 576 1999 671 2071; x_wconf 83' lang='lat' dir='ltr'>furto</span> <span class='ocrx_word' id='word_1_99' title='bbox 684 1999 862 2072; x_wconf 80' lang='lat' dir='ltr'>auferunt.</span> <span class='ocrx_word' id='word_1_100' title='bbox 876 2004 1038 2096; x_wconf 86' lang='lat' dir='ltr'>Loquere</span> <span class='ocrx_word' id='word_1_101' title='bbox 1049 2015 1271 2099; x_wconf 82' lang='lat' dir='ltr'>opportune,</span> 
     </span>
     <span class='ocr_line' id='line_1_16' title="bbox 268 2111 1273 2213; baseline 0.001 -27"><span class='ocrx_word' id='word_1_102' title='bbox 268 2113 438 2204; x_wconf 88' lang='lat' dir='ltr'>honeste,</span> <span class='ocrx_word' id='word_1_103' title='bbox 450 2111 577 2204; x_wconf 86' lang='lat' dir='ltr'>latine,</span> <span class='ocrx_word' id='word_1_104' title='bbox 589 2111 768 2205; x_wconf 84' lang='lat' dir='ltr'>dilucide,</span> <span class='ocrx_word' id='word_1_105' title='bbox 782 2112 943 2213; x_wconf 85' lang='lat' dir='ltr'>placide,</span> <span class='ocrx_word' id='word_1_106' title='bbox 957 2112 1066 2212; x_wconf 88' lang='lat' dir='ltr'>plano</span> <span class='ocrx_word' id='word_1_107' title='bbox 1079 2137 1159 2202; x_wconf 89' lang='lat' dir='ltr'>ore,</span> <span class='ocrx_word' id='word_1_108' title='bbox 1170 2111 1273 2187; x_wconf 84' lang='lat' dir='ltr'>vultu</span> 
     </span>
     <span class='ocr_line' id='line_1_17' title="bbox 229 2224 1276 2324; baseline 0 -26"><span class='ocrx_word' id='word_1_109' title='bbox 229 2305 235 2324; x_wconf 59' lang='lat'>,</span> <span class='ocrx_word' id='word_1_110' title='bbox 267 2226 409 2324; x_wconf 87' lang='lat' dir='ltr'>quieto,</span> <span class='ocrx_word' id='word_1_111' title='bbox 436 2224 592 2298; x_wconf 81' lang='lat' dir='ltr'>clamore</span> <span class='ocrx_word' id='word_1_112' title='bbox 617 2225 752 2319; x_wconf 69' lang='lat' dir='ltr'>nullo,</span> <span class='ocrx_word' id='word_1_113' title='bbox 766 2228 845 2300; x_wconf 88' lang='lat' dir='ltr'>sine</span> <span class='ocrx_word' id='word_1_114' title='bbox 872 2225 1071 2318; x_wconf 87' lang='lat' dir='ltr'>cachinno,</span> <span class='ocrx_word' id='word_1_115' title='bbox 1095 2226 1172 2299; x_wconf 88' lang='lat' dir='ltr'>sine</span> <span class='ocrx_word' id='word_1_116' title='bbox 1196 2224 1276 2298; x_wconf 87' lang='lat' dir='ltr'>aliis</span> 
     </span>
     <span class='ocr_line' id='line_1_18' title="bbox 269 2338 1275 2437; baseline 0.002 -27"><span class='ocrx_word' id='word_1_117' title='bbox 269 2339 401 2412; x_wconf 88' lang='lat' dir='ltr'>notatis</span> <span class='ocrx_word' id='word_1_118' title='bbox 419 2363 538 2437; x_wconf 88' lang='lat' dir='ltr'>supra.</span> <span class='ocrx_word' id='word_1_119' title='bbox 550 2338 702 2411; x_wconf 88' lang='lat' dir='ltr'>Multum</span> <span class='ocrx_word' id='word_1_120' title='bbox 712 2339 759 2413; x_wconf 82' lang='lat' dir='ltr'>ad</span> <span class='ocrx_word' id='word_1_121' title='bbox 769 2341 944 2412; x_wconf 90' lang='lat' dir='ltr'>sermonis</span> <span class='ocrx_word' id='word_1_122' title='bbox 960 2340 1171 2436; x_wconf 85' lang='lat' dir='ltr'>elegantiam</span> <span class='ocrx_word' id='word_1_123' title='bbox 1183 2363 1275 2412; x_wconf 85' lang='lat' dir='ltr'>oon-</span> 
     </span>
     <span class='ocr_line' id='line_1_19' title="bbox 268 2447 1273 2548; baseline 0.001 -28"><span class='ocrx_word' id='word_1_124' title='bbox 268 2449 383 2522; x_wconf 82' lang='lat' dir='ltr'>ferent</span> <span class='ocrx_word' id='word_1_125' title='bbox 407 2447 592 2522; x_wconf 81' lang='lat' dir='ltr'>comoediae</span> <span class='ocrx_word' id='word_1_126' title='bbox 612 2454 771 2524; x_wconf 86' lang='lat' dir='ltr'>veteres¹</span> <span class='ocrx_word' id='word_1_127' title='bbox 789 2465 825 2524; x_wconf 87' lang='lat' dir='ltr'>et</span> <span class='ocrx_word' id='word_1_128' title='bbox 850 2467 978 2548; x_wconf 82' lang='lat' dir='ltr'>togatae</span> <span class='ocrx_word' id='word_1_129' title='bbox 1004 2466 1040 2524; x_wconf 84' lang='lat' dir='ltr'>et</span> <span class='ocrx_word' id='word_1_130' title='bbox 1064 2450 1273 2524; x_wconf 78' lang='lat' dir='ltr'>tabernariae</span> 
     </span>
     <span class='ocr_line' id='line_1_20' title="bbox 270 2561 1271 2657; baseline 0 -21"><span class='ocrx_word' id='word_1_131' title='bbox 270 2576 307 2636; x_wconf 91' lang='lat' dir='ltr'>et</span> <span class='ocrx_word' id='word_1_132' title='bbox 321 2561 625 2636; x_wconf 69' lang='lat' dir='ltr'>arellanaerabutae</span> <span class='ocrx_word' id='word_1_133' title='bbox 646 2577 681 2636; x_wconf 91' lang='lat' dir='ltr'>et</span> <span class='ocrx_word' id='word_1_134' title='bbox 703 2564 962 2657; x_wconf 82' lang='lat' dir='ltr'>mimulabulae3</span> <span class='ocrx_word' id='word_1_135' title='bbox 988 2563 1271 2636; x_wconf 69' lang='lat' dir='ltr'>multum&#39;etiam</span> 
     </span>
     <span class='ocr_line' id='line_1_21' title="bbox 272 2674 1047 2776; baseline -0.002 -30"><span class='ocrx_word' id='word_1_136' title='bbox 272 2674 430 2776; x_wconf 76' lang='lat' dir='ltr'>epistolae</span> <span class='ocrx_word' id='word_1_137' title='bbox 445 2691 602 2768; x_wconf 87' lang='lat' dir='ltr'>veteres,</span> <span class='ocrx_word' id='word_1_138' title='bbox 623 2677 660 2750; x_wconf 92' lang='lat' dir='ltr'>in</span> <span class='ocrx_word' id='word_1_139' title='bbox 687 2677 1047 2776; x_wconf 58' lang='lat' dir='ltr'>primislullianae.»</span> 
     </span>
     <span class='ocr_line' id='line_1_22' title="bbox 286 2788 1274 2890; baseline 0.002 -28"><span class='ocrx_word' id='word_1_140' title='bbox 286 2831 288 2840; x_wconf 70' lang='lat'>,</span> <span class='ocrx_word' id='word_1_141' title='bbox 319 2789 471 2862; x_wconf 82' lang='lat' dir='ltr'>Victoris</span> <span class='ocrx_word' id='word_1_142' title='bbox 502 2788 550 2864; x_wconf 92' lang='lat' dir='ltr'>de</span> <span class='ocrx_word' id='word_1_143' title='bbox 576 2791 886 2866; x_wconf 88' lang='lat' dir='ltr'>sermocinatione·</span> <span class='ocrx_word' id='word_1_144' title='bbox 902 2805 1010 2890; x_wconf 86' lang='lat' dir='ltr'>caput</span> <span class='ocrx_word' id='word_1_145' title='bbox 1041 2788 1088 2862; x_wconf 88' lang='lat' dir='ltr'>ad</span> <span class='ocrx_word' id='word_1_146' title='bbox 1121 2789 1274 2864; x_wconf 89' lang='lat' dir='ltr'>verbum</span> 
     </span>
     <span class='ocr_line' id='line_1_23' title="bbox 269 2903 1277 3004; baseline 0.006 -28"><span class='ocrx_word' id='word_1_147' title='bbox 269 2903 578 3002; x_wconf 81' lang='lat' dir='ltr'>transcripsimus,</span> <span class='ocrx_word' id='word_1_148' title='bbox 597 2929 672 3004; x_wconf 89' lang='lat' dir='ltr'>qno</span> <span class='ocrx_word' id='word_1_149' title='bbox 688 2904 842 2978; x_wconf 88' lang='lat' dir='ltr'>rhetoris</span> <span class='ocrx_word' id='word_1_150' title='bbox 865 2905 978 2978; x_wconf 78' lang='lat' dir='ltr'>nostri</span> <span class='ocrx_word' id='word_1_151' title='bbox 996 2903 1139 2977; x_wconf 88' lang='lat' dir='ltr'>ratioet</span> <span class='ocrx_word' id='word_1_152' title='bbox 1161 2904 1220 2977; x_wconf 81' lang='lat' dir='ltr'>uia</span> <span class='ocrx_word' id='word_1_153' title='bbox 1238 2919 1277 2982; x_wconf 49' lang='lat' dir='ltr'>et*</span> 
     </span>
     <span class='ocr_line' id='line_1_24' title="bbox 270 3014 1276 3115; baseline -0.002 -25"><span class='ocrx_word' id='word_1_154' title='bbox 270 3015 482 3114; x_wconf 81' lang='lat' dir='ltr'>ipsestylus,</span> <span class='ocrx_word' id='word_1_155' title='bbox 497 3014 543 3086; x_wconf 87' lang='lat' dir='ltr'>de</span> <span class='ocrx_word' id='word_1_156' title='bbox 555 3041 597 3088; x_wconf 84' lang='lat' dir='ltr'>ea</span> <span class='ocrx_word' id='word_1_157' title='bbox 609 3041 648 3088; x_wconf 87' lang='lat' dir='ltr'>re</span> <span class='ocrx_word' id='word_1_158' title='bbox 663 3042 707 3088; x_wconf 85' lang='lat' dir='ltr'>ex</span> <span class='ocrx_word' id='word_1_159' title='bbox 717 3017 884 3114; x_wconf 79' lang='lat' dir='ltr'>professo</span> <span class='ocrx_word' id='word_1_160' title='bbox 897 3015 1113 3106; x_wconf 82' lang='lat' dir='ltr'>disserentis,</span> <span class='ocrx_word' id='word_1_161' title='bbox 1132 3014 1276 3115; x_wconf 85' lang='lat' dir='ltr'>planius</span> 
     </span>
     <span class='ocr_line' id='line_1_25' title="bbox 271 3125 1275 3227; baseline 0.002 -27"><span class='ocrx_word' id='word_1_162' title='bbox 271 3125 458 3223; x_wconf 84' lang='lat' dir='ltr'>dijudicari</span> <span class='ocrx_word' id='word_1_163' title='bbox 475 3142 608 3224; x_wconf 85' lang='lat' dir='ltr'>posset.</span> <span class='ocrx_word' id='word_1_164' title='bbox 627 3127 669 3199; x_wconf 95' lang='lat' dir='ltr'>ld</span> <span class='ocrx_word' id='word_1_165' title='bbox 686 3143 806 3200; x_wconf 86' lang='lat' dir='ltr'>autem</span> <span class='ocrx_word' id='word_1_166' title='bbox 819 3127 919 3202; x_wconf 79' lang='lat' dir='ltr'>facile</span> <span class='ocrx_word' id='word_1_167' title='bbox 932 3129 971 3200; x_wconf 94' lang='lat' dir='ltr'>in</span> <span class='ocrx_word' id='word_1_168' title='bbox 983 3143 1138 3225; x_wconf 85' lang='lat' dir='ltr'>quatuor</span> <span class='ocrx_word' id='word_1_169' title='bbox 1153 3143 1275 3227; x_wconf 79' lang='lat' dir='ltr'>partes</span> 
     </span>
     <span class='ocr_line' id='line_1_26' title="bbox 270 3239 1274 3344; baseline 0.001 -32"><span class='ocrx_word' id='word_1_170' title='bbox 270 3239 461 3328; x_wconf 82' lang='lat' dir='ltr'>dividitur,</span> <span class='ocrx_word' id='word_1_171' title='bbox 483 3239 615 3313; x_wconf 91' lang='lat' dir='ltr'>scilicet</span> <span class='ocrx_word' id='word_1_172' title='bbox 631 3241 748 3340; x_wconf 91' lang='lat' dir='ltr'>primo</span> <span class='ocrx_word' id='word_1_173' title='bbox 766 3241 847 3314; x_wconf 90' lang='lat' dir='ltr'>loco</span> <span class='ocrx_word' id='word_1_174' title='bbox 863 3242 1094 3344; x_wconf 86' lang='lat' dir='ltr'>dignitatem,</span> <span class='ocrx_word' id='word_1_175' title='bbox 1113 3240 1274 3314; x_wconf 86' lang='lat' dir='ltr'>secundo</span> 
     </span>
     <span class='ocr_line' id='line_1_27' title="bbox 270 3351 1297 3452; baseline -0.001 -26"><span class='ocrx_word' id='word_1_176' title='bbox 270 3379 394 3444; x_wconf 85' lang='lat' dir='ltr'>usum,</span> <span class='ocrx_word' id='word_1_177' title='bbox 407 3354 667 3428; x_wconf 79' lang='lat' dir='ltr'>tertiovirtutes</span> <span class='ocrx_word' id='word_1_178' title='bbox 680 3370 715 3428; x_wconf 91' lang='lat' dir='ltr'>et</span> <span class='ocrx_word' id='word_1_179' title='bbox 725 3356 809 3428; x_wconf 80' lang='lat' dir='ltr'>vitra</span> <span class='ocrx_word' id='word_1_180' title='bbox 827 3355 1164 3452; x_wconf 82' lang='lat' dir='ltr'>sermonrs‚quarto</span> <span class='ocrx_word' id='word_1_181' title='bbox 1172 3351 1297 3452; x_wconf 90' lang='lat' dir='ltr'>quod</span> 
     </span>
     <span class='ocr_line' id='line_1_28' title="bbox 271 3465 1271 3570; baseline 0 -32"><span class='ocrx_word' id='word_1_182' title='bbox 271 3465 318 3540; x_wconf 87' lang='lat' dir='ltr'>ad</span> <span class='ocrx_word' id='word_1_183' title='bbox 331 3465 489 3565; x_wconf 90' lang='lat' dir='ltr'>ejusdem</span> <span class='ocrx_word' id='word_1_184' title='bbox 499 3467 710 3567; x_wconf 86' lang='lat' dir='ltr'>perlioiendi</span> <span class='ocrx_word' id='word_1_185' title='bbox 727 3469 902 3545; x_wconf 86' lang='lat' dir='ltr'>rationem</span> <span class='ocrx_word' id='word_1_186' title='bbox 913 3468 1107 3570; x_wconf 87' lang='lat' dir='ltr'>plurimum</span> <span class='ocrx_word' id='word_1_187' title='bbox 1117 3466 1271 3540; x_wconf 78' lang='lat' dir='ltr'>confert</span> 
     </span>
    </p>
   </div>
   <div class='ocr_carea' id='block_1_3' title="bbox 311 3707 1279 3832">
    <p class='ocr_par' dir='ltr' id='par_1_3' title="bbox 311 3707 1279 3832">
     <span class='ocr_line' id='line_1_29' title="bbox 311 3707 1279 3832; baseline 0.004 -68"><span class='ocrx_word' id='word_1_188' title='bbox 311 3709 339 3767; x_wconf 87' lang='lat' dir='ltr'>l.</span> <span class='ocrx_word' id='word_1_189' title='bbox 362 3709 402 3766; x_wconf 86' lang='lat' dir='ltr'>Ut</span> <span class='ocrx_word' id='word_1_190' title='bbox 413 3707 462 3766; x_wconf 82' lang='lat' dir='ltr'>illo</span> <span class='ocrx_word' id='word_1_191' title='bbox 472 3707 554 3768; x_wconf 88' lang='lat' dir='ltr'>m1les</span> <span class='ocrx_word' id='word_1_192' title='bbox 566 3709 652 3789; x_wconf 91' lang='lat' dir='ltr'>apud</span> <span class='ocrx_word' id='word_1_193' title='bbox 650 3707 741 3770; x_wconf 72' lang='lat' dir='ltr'>ovid</span> <span class='ocrx_word' id='word_1_194' title='bbox 760 3731 809 3786; x_wconf 81' lang='lat' dir='ltr'>ep.</span> <span class='ocrx_word' id='word_1_195' title='bbox 827 3712 961 3788; x_wconf 82' lang='lat' dir='ltr'>Penelop.</span> <span class='ocrx_word' id='word_1_196' title='bbox 978 3729 1008 3771; x_wconf 82' lang='grc' dir='ltr'>ι.</span> <span class='ocrx_word' id='word_1_197' title='bbox 1024 3711 1120 3769; x_wconf 78' lang='grc' dir='ltr'>3Ξιι</span> <span class='ocrx_word' id='word_1_198' title='bbox 1107 3707 1279 3832; x_wconf 73' lang='lat' dir='ltr'>nPingitut</span> 
     </span>
    </p>
   </div>
   <div class='ocr_carea' id='block_1_4' title="bbox 268 3808 1279 4248">
    <p class='ocr_par' dir='ltr' id='par_1_4' title="bbox 269 3808 1166 3886">
     <span class='ocr_line' id='line_1_30' title="bbox 269 3808 1166 3886; baseline 0.002 -20"><span class='ocrx_word' id='word_1_199' title='bbox 269 3822 378 3884; x_wconf 79' lang='lat' dir='ltr'>exiguo</span> <span class='ocrx_word' id='word_1_200' title='bbox 390 3809 530 3886; x_wconf 81' lang='lat' dir='ltr'>Pergama</span> <span class='ocrx_word' id='word_1_201' title='bbox 542 3819 602 3866; x_wconf 86' lang='lat' dir='ltr'>tota</span> <span class='ocrx_word' id='word_1_202' title='bbox 614 3827 737 3868; x_wconf 74' lang='lat' dir='ltr'>merua</span> <span class='ocrx_word' id='word_1_203' title='bbox 723 3809 837 3882; x_wconf 69' lang='lat' dir='ltr'>alliot.</span> <span class='ocrx_word' id='word_1_204' title='bbox 853 3808 954 3884; x_wconf 77' lang='lat' dir='ltr'>Maii.)</span> <span class='ocrx_word' id='word_1_205' title='bbox 1067 3853 1069 3865; x_wconf 70' lang='grc'>,</span> <span class='ocrx_word' id='word_1_206' title='bbox 1163 3845 1166 3852; x_wconf 86' lang='grc'><strong>-</strong></span> 
     </span>
    </p>

    <p class='ocr_par' dir='ltr' id='par_1_5' title="bbox 268 3893 1279 4248">
     <span class='ocr_line' id='line_1_31' title="bbox 289 3893 1279 3976; baseline 0.002 -24.045"><span class='ocrx_word' id='word_1_207' title='bbox 289 3898 341 3968; x_wconf 90' lang='grc' dir='ltr'><strong>Ξ</strong></span> <span class='ocrx_word' id='word_1_208' title='bbox 363 3898 454 3972; x_wconf 84' lang='lat' dir='ltr'>Quem</span> <span class='ocrx_word' id='word_1_209' title='bbox 477 3895 594 3976; x_wconf 88' lang='lat' dir='ltr'>quidem</span> <span class='ocrx_word' id='word_1_210' title='bbox 618 3915 734 3956; x_wconf 89' lang='lat' dir='ltr'>sensum</span> <span class='ocrx_word' id='word_1_211' title='bbox 755 3897 787 3956; x_wconf 88' lang='grc' dir='ltr'>ἰιι</span> <span class='ocrx_word' id='word_1_212' title='bbox 810 3897 890 3956; x_wconf 88' lang='lat' dir='ltr'>hisce</span> <span class='ocrx_word' id='word_1_213' title='bbox 915 3896 1001 3957; x_wconf 90' lang='lat' dir='ltr'>Plinii</span> <span class='ocrx_word' id='word_1_214' title='bbox 1024 3894 1152 3958; x_wconf 82' lang='lat' dir='ltr'>Junioris</span> <span class='ocrx_word' id='word_1_215' title='bbox 1176 3893 1279 3964; x_wconf 65' lang='lat' dir='ltr'>verbis</span> 
     </span>
     <span class='ocr_line' id='line_1_32' title="bbox 268 3967 1278 4082; baseline -0.003 -35"><span class='ocrx_word' id='word_1_216' title='bbox 268 4005 439 4082; x_wconf 71' lang='lat' dir='ltr'>expressum</span> <span class='ocrx_word' id='word_1_217' title='bbox 469 3985 628 4047; x_wconf 83' lang='lat' dir='ltr'>invenias.</span> <span class='ocrx_word' id='word_1_218' title='bbox 655 3986 766 4068; x_wconf 77' lang='lat' dir='ltr'>«Legit</span> <span class='ocrx_word' id='word_1_219' title='bbox 795 3985 866 4045; x_wconf 88' lang='lat' dir='ltr'>mihi</span> <span class='ocrx_word' id='word_1_220' title='bbox 889 3971 1075 4068; x_wconf 86' lang='lat' dir='ltr'>(Pompeius</span> <span class='ocrx_word' id='word_1_221' title='bbox 1088 3967 1278 4076; x_wconf 83' lang='lat' dir='ltr'>Saturninus)</span> 
     </span>
     <span class='ocr_line' id='line_1_33' title="bbox 269 4073 1276 4162; baseline -0.001 -27"><span class='ocrx_word' id='word_1_222' title='bbox 269 4076 364 4162; x_wconf 86' lang='lat' dir='ltr'>nuper</span> <span class='ocrx_word' id='word_1_223' title='bbox 368 4075 525 4155; x_wconf 87' lang='lat' dir='ltr'>epistolas,</span> <span class='ocrx_word' id='word_1_224' title='bbox 540 4096 611 4154; x_wconf 85' lang='lat' dir='ltr'>quas</span> <span class='ocrx_word' id='word_1_225' title='bbox 627 4075 726 4136; x_wconf 87' lang='lat' dir='ltr'>uxoris</span> <span class='ocrx_word' id='word_1_226' title='bbox 741 4096 803 4136; x_wconf 89' lang='lat' dir='ltr'>esse</span> <span class='ocrx_word' id='word_1_227' title='bbox 817 4073 940 4138; x_wconf 84' lang='lat' dir='ltr'>dicebat.</span> <span class='ocrx_word' id='word_1_228' title='bbox 955 4075 1089 4137; x_wconf 84' lang='lat' dir='ltr'>Plautum</span> <span class='ocrx_word' id='word_1_229' title='bbox 1102 4075 1151 4136; x_wconf 90' lang='lat' dir='ltr'>vel</span> <span class='ocrx_word' id='word_1_230' title='bbox 1164 4077 1276 4136; x_wconf 49' lang='lat' dir='ltr'>Teren*</span> 
     </span>
     <span class='ocr_line' id='line_1_34' title="bbox 269 4163 1279 4248; baseline 0.001 -24"><span class='ocrx_word' id='word_1_231' title='bbox 269 4165 342 4224; x_wconf 83' lang='lat' dir='ltr'>tium</span> <span class='ocrx_word' id='word_1_232' title='bbox 356 4177 449 4225; x_wconf 88' lang='lat' dir='ltr'>metro</span> <span class='ocrx_word' id='word_1_233' title='bbox 462 4165 589 4226; x_wconf 85' lang='lat' dir='ltr'>solutum</span> <span class='ocrx_word' id='word_1_234' title='bbox 606 4165 664 4248; x_wconf 82' lang='lat' dir='ltr'>legi</span> <span class='ocrx_word' id='word_1_235' title='bbox 680 4163 825 4227; x_wconf 77' lang='lat' dir='ltr'>credidit</span> <span class='ocrx_word' id='word_1_236' title='bbox 813 4165 932 4246; x_wconf 84' lang='lat' dir='ltr'>(Plin.</span> <span class='ocrx_word' id='word_1_237' title='bbox 948 4169 1006 4246; x_wconf 80' lang='lat' dir='ltr'>Ep.</span> <span class='ocrx_word' id='word_1_238' title='bbox 1022 4170 1035 4225; x_wconf 95' lang='lat' dir='ltr'>l</span> <span class='ocrx_word' id='word_1_239' title='bbox 1042 4169 1136 4245; x_wconf 87' lang='lat' dir='ltr'>,.l6)</span> <span class='ocrx_word' id='word_1_240' title='bbox 1233 4173 1279 4204; x_wconf 42' lang='lat'>*³</span> 
     </span>
    </p>
   </div>
   <div class='ocr_carea' id='block_1_5' title="bbox 0 0 1438 5056">
    <p class='ocr_par' dir='ltr' id='par_1_6' title="bbox 0 0 1438 5056">
     <span class='ocr_line' id='line_1_35' title="bbox 0 0 1438 5056; baseline 0 0"><span class='ocrx_word' id='word_1_241' title='bbox 0 0 1438 5056; x_wconf 95' lang='lat' dir='ltr'> </span> 
     </span>
    </p>
   </div>
  </div>
 </body>
</html>
