2880 5058
666 321 887 394 -tot-

273 485 500 572 comparatae,
511 469 565 543 vel
576 469 1011 570 disputationesVictoris
1021 471 1155 546 ethnici
1163 473 1280 548 homi·

274 587 329 658 nis
345 610 435 678 aev0,
455 609 476 656 a
492 607 717 683 paganorum
735 584 903 656 societate
920 599 955 656 et
968 585 1092 658 litteris
1110 585 1157 656 ad
1171 584 1281 658 chris·

274 700 388 772 tianos
416 694 659 769 recedendum
685 711 738 768 est
763 698 815 789 ei,
840 697 902 794 qui
923 697 1053 770 iterum
1077 723 1280 799 expressam

272 810 428 909 reperire
454 809 538 882 velit
564 825 598 881 et
615 807 830 881 dissociabili
851 808 1011 908 quodam
1027 811 1172 884 vinculo
1190 839 1282 886 con-

268 925 430 1022 junctam
448 947 671 995 summarum
685 923 942 996 sententiarum
959 947 1151 1022 rerumque
1170 927 1283 1022 gravi·

272 1050 382 1108 tatem
407 1061 490 1108 cum
514 1037 640 1109 intima
668 1035 769 1110 illae
794 1051 941 1136 pectore
965 1036 1077 1109 libere
1093 1039 1281 1112 exundan·
1329 1073 1332 1084 ·

273 1150 363 1221 tium
388 1149 580 1222 affectuum
598 1152 635 1222 in
655 1151 768 1224 amica
790 1166 937 1250 pectora
959 1151 1145 1224 effusione.
1166 1158 1285 1247 Hanc,

274 1264 303 1334 si
327 1263 435 1356 velis,
457 1263 565 1364 'apud
589 1265 847 1361 Augustinum,
874 1264 973 1364 apud
998 1265 1279 1363 Hieronymum,

261 1377 371 1476 ‚apud
393 1377 561 1450 Basiliam
584 1401 626 1449 ac
644 1380 858 1476 Gregorium
879 1379 1164 1473 Nazianzenum,
1185 1381 1283 1480 apud

168 1524 170 1529 ·
274 1504 412 1564 ceteros
432 1491 632 1562 christianae
659 1492 812 1562 caritatis
835 1491 1046 1591 interpretes
1071 1492 1197 1585 adeas3
1220 1493 1283 1566 sed

274 1604 371 1702 apud
398 1630 558 1702 paganos
584 1603 750 1676 eamdem
769 1606 805 1675 in
832 1605 989 1678 dicendo
1010 1631 1132 1678 rerum
1156 1609 1281 1707 ampli·

274 1717 438 1788 tudinem
453 1742 494 1788 ac
511 1716 660 1788 liberam
678 1719 935 1792 sententiarum
956 1720 1206 1818 sinceramque
1223 1721 1283 1795 dc·

273 1829 531 1924 clarationem,
574 1832 675 1902 omui
716 1831 912 1904 verborum
952 1849 1124 1932 apparatu
1162 1850 1282 1932 spreto

273 1958 401 2042 sponte
417 1943 572 2040 quadam
586 1967 649 2015 sua
666 1970 703 2016 se
718 1943 940 2035 dilatantem,
956 1971 1031 2018 non
1041 1945 1117 2042 jam
1131 1949 1283 2025 Victoris

274 2071 375 2130 aetate
400 2059 566 2154 reperies.
589 2061 669 2130 Non
689 2059 790 2155 quod
814 2059 911 2158 apud
928 2060 1145 2133 christianos
1172 2079 1283 2136 1v'sae·

275 2171 346 2242 culi
378 2172 611 2271 epistolarum
634 2175 840 2271 scriptores,
865 2199 940 2246 non
968 2157 1127 2274 plurima¹
1153 2177 1282 2251 iudicia

274 2282 470 2354 rhetorices
496 2285 682 2380 cujusdam
707 2286 951 2380 offendantur,
978 2289 1110 2360 nimios
1138 2305 1283 2362 senten-

274 2394 406 2465 tiarum
433 2394 702 2494 verborumque
725 2414 873 2471 ornatus
900 2401 1122 2498 nimiamque
1147 2403 1283 2474 subtili-

274 2518 385 2577 tatem
400 2507 610 2580 affectantis.
627 2509 778 2583 Difficile
795 2513 892 2584 enim
907 2513 1006 2585 dictu
1023 2529 1090 2605 est,
1108 2531 1283 2613 quantum

274 2634 309 2692 et
323 2636 500 2718 quatenus
517 2623 719 2724 depravatae
735 2650 957 2725 paganorum
975 2627 1163 2700 rhetorum
1180 2629 1282 2702 disci·

273 2735 380 2834 plinae
398 2751 434 2807 et
454 2752 568 2829 artes,
587 2739 685 2838 apud
702 2741 779 2840 ipsa
800 2740 1075 2814 christianorum
1092 2742 1283 2814 homiuum

273 2849 437 2946 ingenia,
466 2877 500 2922 tv
526 2867 561 2923 et
584 2878 608 2923 v
630 2855 737 2925 etiam
755 2854 903 2946 sarculo,
932 2855 968 2925 iu
987 2855 1125 2926 Sidonii
1146 2855 1283 2953 Apolli-

273 2964 390 3052 naris,
421 2965 458 3033 in
484 2965 659 3055 Ennodii,
678 2968 716 3036 in
741 2966 815 3038 divi
837 2967 985 3063 Remigii
1010 2981 1283 3068 ceterorumque

274 3073 514 3176 plurimorum
532 3077 766 3150 conficiendis
783 3080 953 3178 operibus
969 3081 1158 3156 valuerint.

274 3589 297 3670 S
319 3595 348 3652 l.
372 3591 530 3651 Generales
544 3603 601 3650 tres
613 3587 828 3660 conclusiones,
843 3587 874 3645 in
890 3605 1014 3665 quarum
1032 3586 1115 3645 tertia
1133 3587 1174 3645 ita
1190 3588 1285 3648 Victor

313 3699 380 3737 cum
401 3682 517 3740 Gallicis
539 3701 570 3738 av
594 3681 649 3740 aevi
671 3678 835 3739 rhetoribus
855 3677 1016 3752 confertur,
1042 3689 1075 3735 ut
1092 3677 1196 3736 melius
1215 3678 1284 3738 iude

315 3767 444 3850 dignosci
457 3769 558 3849 possit.

322 3988 393 4061 Sed
411 4005 451 4062 ut
468 3990 589 4064 denuo
611 3991 656 4064 ad
679 3992 861 4063 Victorem
884 4004 1068 4080 nostrum,
1085 3988 1192 4061 nobis
1206 3987 1284 4086 qui·

274 4102 359 4176 dem
381 4129 475 4178 nova
501 4105 546 4178 dc
573 4103 873 4180 sermocinatione
890 4129 932 4178 ac
949 4105 995 4200 de
1018 4103 1176 4204 epistolis
1198 4125 1283 4202 pro·
