2866 5056
660 341 861 416 ...42-

250 513 317 572 ‚mc
340 491 595 583 babuerimus3
620 491 649 563 si
673 490 774 565 illum
800 489 955 563 rhetoris
983 488 1098 561 nostri
1122 486 1257 565 librum

254 628 329 677 non
348 605 467 676 minus
481 627 590 702 quam
607 604 746 702 paginis
763 623 869 678 cxxrr
885 600 1061 674 contineri
1077 602 1259 698 cogitare*

253 720 387 810 rimus,
409 733 486 790 tum
505 717 606 789 iacile
629 717 878 816 intelligemus,
898 737 1011 813 quum
1027 715 1066 786 in
1082 714 1125 787 iis
1135 717 1259 790 Victor

254 831 409 930 plurima
446 830 655 918 Quintiliani
683 844 720 903 et
749 829 931 904 Ciceronis
961 841 998 901 et
1021 829 1258 903 vetustiorum

186 929 190 935 ⁹
255 946 362 1016 etiam
387 957 584 1036 oratorum,
604 947 652 1016 Μ.
675 945 821 1017 Catonis
840 940 1015 1034 Censorii,
1032 943 1072 1012 C.
1088 942 1255 1034 Gracchi,

254 1056 378 1128 Fannii
397 1070 432 1128 et
449 1056 603 1128 aliorum
622 1057 701 1130 loca
719 1055 951 1154 congesserit,
971 1075 1157 1152 quumque
1174 1041 1256 1126 nul·

253 1169 330 1240 lnm
342 1193 494 1268 usquam
504 1170 612 1242 alium
623 1186 705 1269 post
719 1167 928 1258 Quintiliani
940 1183 1102 1265 tempora
1110 1168 1259 1265 scripto-

253 1305 331 1354 rcrn
343 1283 524 1380 adjecerit,
538 1281 657 1356 dedita
670 1281 831 1382 proiecto
845 1303 955 1380 opera
972 1278 1109 1350 nullam
1125 1278 1258 1352 honam

254 1395 475 1492 cujuslibcta
491 1397 635 1470 Victore
652 1421 727 1470 esse
744 1396 873 1470 ibctam
890 1395 1122 1467 mentionem.
1139 1397 1185 1465 Et
1200 1391 1259 1466 fir·

255 1508 464 1582 miusetiam
475 1511 512 1582 in
524 1510 752 1584 sententiaea
762 1507 1046 1599 confirmabitur,
1062 1507 1124 1604 qui
1136 1529 1257 1579 secum

255 1617 501 1721 contemptum
511 1623 703 1720 quemdam
715 1623 922 1697 recordatus
935 1622 1014 1714 erit,
1028 1645 1115 1719 quo,
1130 1635 1170 1692 ut
1179 1620 1258 1694 brc-

253 1732 343 1802 viter
359 1749 463 1806 antea
485 1736 768 1834 perstrinximus,
787 1734 977 1810 sententias
995 1735 1119 1806 Victor
1140 1747 1177 1805 et
1197 1733 1260 1806 de·

254 1837 485 1918 clamationes
498 1862 533 1920 et
549 1850 780 1946 panegyricas
796 1849 977 1920 orationes
988 1847 1178 1918 insectatus
1189 1860 1255 1918 cst.

254 1959 362 2054 Cujus
372 1961 519 2056 quidem
533 1961 754 2036 manifestius
766 1960 977 2060 designandi
990 1982 1098 2034 cause
1109 1958 1255 2052 fastidii,

254 2085 315 2142 aut
331 2073 423 2169 ipse,
445 2089 507 2146 aut
527 2075 670 2171 ignotus
688 2075 816 2174 aliquis
832 2073 1124 2170 rhetoricihujus
1141 2073 1258 2172 operis

254 2199 459 2277 annotator,
478 2186 550 2258 hoc
561 2188 597 2259 in
613 2189 777 2288 margine
789 2188 948 2261 vicesimi
959 2201 995 2260 et
1006 2186 1121 2285 quinti
1132 2186 1260 2285 capitis

253 2296 429 2370 scholium
448 2298 679 2398 subscripsit:
698 2331 715 2368 c
736 2302 1012 2400 ¹Panegyricum
1028 2313 1081 2372 est
1095 2299 1259 2372 licentio·

253 2431 333 2480 sum
350 2424 387 2481 et
401 2412 573 2484 lascivum
590 2437 702 2510 genus
719 2412 864 2487 dicendi
880 2415 918 2484 in
935 2410 1102 2484 laudibus
1118 2435 1256 2508 regum,

253 2521 291 2592 in
317 2523 418 2619 cujus
445 2513 706 2624 compositione
727 2525 894 2598 homines
917 2524 1038 2596 multis
1063 2522 1259 2596 mendaciis

253 2633 445 2708 adulantur
456 2666 466 2730 ;
479 2636 578 2735 quod
593 2637 728 2710 malum
739 2661 760 2709 a
773 2638 904 2710 Graecis
915 2651 1079 2710 exortum
1090 2650 1156 2730 cst,
1170 2658 1260 2735 quo·

253 2769 335 2818 rum
352 2748 476 2822 levitas
498 2750 670 2824 instructa
688 2750 833 2826 dicendi
853 2750 1018 2824 facultate
1033 2765 1069 2824 et
1085 2751 1191 2848 copia
1206 2751 1260 2822 in-

254 2861 416 2934 credibili
434 2863 563 2937 multas
576 2864 849 2938 mendaciorum
859 2863 1010 2936 nebulas
1022 2862 1215 2936 suscitavit.
1237 2893 1256 2930 u

254 2973 482 3076 Quapropter
495 2977 580 3050 inde
592 2979 764 3077 suspicari
779 2978 874 3070 licet,
893 2999 1010 3076 neque
1029 2975 1134 3048 Plinii
1149 2976 1261 3076 ipsius

253 3089 409 3161 Junioris
434 3089 564 3164 subtile
584 3115 734 3164 acumen
746 3108 783 3166 et
800 3093 944 3166 crebras
960 3092 1152 3164 sententias
1167 3104 1203 3162 et
1220 3090 1258 3162 in

253 3201 393 3274 minuta
411 3227 559 3303 quaeque
575 3205 715 3303 Trajani
732 3204 881 3278 laudum
897 3205 1078 3304 pinconio
1093 3202 1259 3276 ornando

251 3330 493 3412 venustatem,
510 3337 630 3417 neque
650 3318 794 3393 delicias
814 3318 892 3393 illas
908 3331 944 3390 et
967 3317 1084 3390 futiles
1104 3317 1258 3413 argutias

251 3424 438 3502 rhetorum
451 3455 577 3504 eorum
588 3434 666 3532 qui,
682 3434 774 3506 sicut
783 3429 1029 3521 Mamertinus,
1041 3443 1076 3502 et
1083 3433 1259 3525 Augusto·

252 3539 422 3616 dunensis
440 3546 636 3619 Eumenius
651 3559 687 3619 et
703 3545 885 3639 Nazarius,
902 3548 1096 3617 crescatur
1119 3546 1259 3640 Drepa-

251 3653 350 3746 nius,
368 3657 508 3750 Gallus,
535 3674 575 3731 ut
599 3659 790 3732 verisimile
818 3672 891 3751 cst,
908 3655 1045 3747 homo,
1076 3657 1258 3726 Romanos

250 3767 431 3867 principes
447 3771 663 3862 extulerunt,
676 3771 812 3844 Victori
822 3785 947 3844 nostro
960 3769 1153 3869 placuisse,
1161 3763 1258 3853 Quid

251 3881 359 3954 etiarn
380 3881 522 3981 longius
549 3909 608 3958 me
629 3885 922 3986 progredientem
947 3883 994 3958 ab
1018 3883 1055 3956 id
1070 3877 1257 3956 ⁴credendo

291 4131 322 4191 l.
343 4129 376 4188 C.
391 4131 419 4188 l.
434 4127 523 4205 Vict,
539 4149 602 4208 cap.
619 4149 689 4205 xxr,
704 4151 736 4214 p.
757 4133 826 4194 tto.
