2880 5058
669 325 890 396 -l00-

280 491 409 550 contra
428 469 672 571 copiosissima
692 472 981 546 testimoniorum
1000 473 1162 548 ubertate
1185 501 1286 548 com·

279 589 508 691 probaretur,
531 583 628 684 apud
646 585 821 683 plurimos
841 584 948 680 hujus
966 587 1085 661 saeculi
1107 604 1285 683 auctores,

280 703 344 801 qui
365 701 474 772 latine
500 699 730 798 scripserunt,
755 697 951 797 quamdam
976 702 1089 772 Graeci
1114 704 1289 775 sermonis

279 814 444 888 notitiam
469 809 505 884 et
526 811 850 908 frequentationem
869 812 1027 908 agnosci.
1047 817 1172 911 ltaque
1193 815 1290 914 apud

280 927 491 1015 Ausonium,
521 923 617 1024 apud
641 923 897 1023 Symmachum
922 924 1021 1021 (licet
1047 927 1162 998 rarius
1192 929 1290 1026 apud

280 1041 408 1136 huuc),
419 1056 455 1113 et
466 1039 554 1113 alios
571 1062 612 1112 ea
628 1054 730 1112 aetate
746 1043 913 1110 Romanae
927 1037 1290 1136 linguaeetelegantiae

279 1153 454 1243 vindices,
468 1157 674 1225 Graecarum
686 1151 887 1223 litterarum
898 1151 1113 1246 cognitionis
1125 1153 1289 1250 quaedam

281 1268 427 1364 vestigia
444 1269 616 1367 reperias3
634 1265 726 1338 adeo
742 1281 800 1356 ut,
818 1267 856 1336 in
875 1266 954 1363 ipso
969 1263 1170 1337 litterarum
1188 1291 1289 1338 com·

262 1382 433 1474 morcio,
457 1380 555 1453 docti
579 1380 671 1452 illius
696 1381 806 1454 aetatis
828 1379 994 1452 homines
1019 1405 1130 1476 graece
1154 1380 1290 1478 aliquid

279 1510 342 1568 aut
358 1497 477 1570 vincta
493 1510 555 1568 aut
576 1495 694 1581 soluta
717 1495 881 1566 oratioue
902 1493 1039 1566 dictum
1060 1493 1213 1566 libenter
1234 1497 1289 1565 in·

280 1625 400 1684 serant
423 1625 458 1682 et
482 1633 557 1680 non
582 1607 692 1680 semel
716 1623 902 1706 usurpent.
931 1613 1096 1680 Attamen
1125 1609 1290 1681 manifes-

279 1737 359 1794 tum
375 1736 427 1792 est
444 1720 545 1818 quod
561 1721 730 1810 diximus,
750 1745 881 1818 nempe
900 1720 1013 1791 multo
1030 1721 1161 1814 minus,
1180 1746 1288 1819 quam

283 1849 400 1925 autea,
417 1835 534 1932 largos
551 1859 627 1906 esse
643 1848 679 1905 et
698 1833 872 1906 fecundos
891 1848 927 1906 et
945 1832 1180 1926 exundantes,
1200 1836 1287 1906 veri-

280 1949 387 2021 simili
396 1949 549 2021 Victoris
561 1962 675 2036 aetate,
687 1949 835 2020 haustus
845 1948 938 2039 illos,
952 1950 1028 2045 qui,
1040 1974 1059 2020 e
1071 1948 1203 2019 Graecis
1215 1948 1288 2020 lou-

279 2063 375 2134 tibus
392 2061 502 2154 ducti,
523 2061 632 2160 pleno
649 2087 712 2133 ore
730 2077 965 2134 manaverunt
982 2079 1017 2134 et
1030 2063 1067 2142 in
1086 2062 1288 2136 uberrimos

279 2177 376 2248 rivos
390 2177 617 2264 effluxerunt,
635 2174 845 2262 Quintiliani
858 2188 892 2246 et
904 2174 1078 2272 imprimis
1087 2174 1190 2248 Tullii
1202 2190 1288 2247 tem·

278 2287 440 2386 poribus.
458 2291 506 2357 Ac
522 2300 691 2385 prmterea
706 2286 854 2357 minime
871 2285 921 2376 id,
936 2287 1124 2384 diligenter
1136 2289 1287 2360 Victoris

178 2487 180 2492 Ι
279 2398 411 2470 librum
429 2398 636 2494 inquirenti,
654 2398 861 2494 negandum
879 2415 944 2493 est,
961 2401 1107 2491 scilicet,
1124 2403 1287 2499 quamvis

280 2510 462 2582 Ciceronis
489 2509 654 2608 exemplo
681 2510 823 2603 ductus,
842 2512 879 2582 in
905 2513 1062 2610 epistolis
1088 2539 1200 2610 graece
1230 2514 1287 2587 ali·

279 2625 368 2722 quid
387 2624 550 2696 additum
573 2650 681 2697 suave
698 2649 774 2697 esse
797 2624 904 2715 dicat,
924 2639 960 2698 ct
983 2626 1060 2698 aliis
1083 2628 1288 2726 compendii

279 2740 335 2810 sui
351 2739 661 2810 locisGraecorum
678 2738 894 2836 scriptorum
911 2737 1073 2836 exempla
1089 2753 1131 2809 ct.
1141 2742 1288 2813 nomina

281 2868 458 2924 memoret
480 2853 616 2942 Victor,
642 2851 876 2923 nihilominus
900 2865 1017 2922 totum
1042 2871 1156 2949 prope
1179 2852 1287 2948 hujus

281 2991 374 3063 opus
390 2991 434 3036 ex
448 2966 657 3038 Latinorum
671 2964 815 3036 dicendi
830 2965 1082 3060 magistrorum
1097 2965 1237 3036 ratione
1254 2980 1288 3038 et

280 3078 390 3148 viaet
410 3077 588 3147 scribendi
607 3101 737 3172 genere
760 3075 949 3174 proticisci.
970 3076 1079 3165 Quod
1103 3077 1195 3150 adeo
1223 3104 1286 3150 ve·

280 3215 362 3263 rum
385 3213 462 3261 esse
487 3187 597 3259 libere
621 3187 786 3278 dixerim,
809 3203 849 3261 ut
870 3190 990 3280 etiam,
1011 3216 1124 3289 quum
1140 3195 1287 3264 Herma·

208 3342 215 3366 ·
281 3328 427 3402 goream
446 3301 671 3400 disciplinam
691 3302 736 3374 de
761 3327 949 3376 causarum
974 3305 1287 3378 constitutionibus

282 3432 478 3505 mutuatur,
491 3415 585 3487 hanc
600 3429 719 3486 tamen
733 3417 866 3489 Latinis
877 3418 1088 3516 plerumque
1098 3418 1285 3518 exemplis,

281 3533 459 3604 rarissime
484 3546 604 3602 autem
629 3531 773 3624 Groecis,
795 3532 959 3605 illustret.
978 3532 1049 3605 Sed
1065 3532 1141 3603 haec
1167 3533 1286 3606 hacte-

283 3669 363 3715 nus.

302 3759 305 3764 '
330 3759 446 3846 Nunc,
468 3770 660 3851 postquam
684 3758 838 3852 singula,
863 3774 971 3856 prout
992 3757 1108 3846 licuit,
1131 3758 1285 3857 expendi

281 3893 360 3966 quae
377 3865 423 3938 ad
439 3868 669 3964 praecipiendi
684 3871 859 3942 rationem
873 3873 1104 3969 pertinerent,
1119 3896 1191 3968 qua
1201 3871 1282 3943 Vic-

279 3997 338 4053 tor
361 3995 437 4051 tum
453 3979 659 4075 negotiales,
679 3997 757 4054 tum
778 3982 965 4056 familiares
988 3984 1155 4084 epistolas
1178 4009 1282 4055 com-

280 4091 466 4191 ponendas
479 4117 553 4164 esse
571 4095 720 4190 censuit,
741 4120 883 4168 mecum
897 4122 955 4170 me
972 4115 1137 4198 reputare
1153 4122 1282 4170 conce·
