2866 5056
551 407 747 480 ..37-

143 557 366 633 Herennium
380 561 534 649 auctor¹,
555 581 666 656 quam
683 581 751 630 neo
771 558 925 650 Cicero’,
948 583 1016 632 nec
1037 559 1152 648 Quin·

143 672 305 745 tilianus⁸
318 672 493 770 ⁴neglexit,
522 673 673 745 omnino
690 674 814 747 Victor
832 698 877 746 ex
897 674 1055 746 oratoria
1076 687 1151 747 arte

142 786 250 883 ejicit.
278 787 389 882 Cujus
407 810 520 884 quum
538 785 646 882 longe
666 783 813 858 diversa²
834 810 856 858 a
873 786 1083 858 Latinorum
1096 784 1151 858 di·
1186 849 1189 858 .

142 899 249 972 cendi
264 889 719 996 magistrorum'praeceptis
736 900 920 970 sententiae
942 924 1065 972 causas
1081 898 1152 990 dis·

141 1011 344 1109 quirerem,
381 1036 431 1084 eae
453 1010 680 1109 potissimum
706 1007 796 1081 milri
822 1009 938 1106 dignae
959 1011 1042 1082 visae
1068 1025 1152 1085 sunt

140 1148 221 1222 quae
241 1123 439 1221 legentium
447 1121 597 1220 judicio,
614 1120 935 1220 quantulicumque
948 1122 1018 1194 sint
1032 1124 1149 1224 pretii,

141 1237 418 1334 subjicerentur.

189 1353 282 1422 Ante
305 1350 427 1422 omnia
448 1347 486 1420 id
503 1343 718 1420 intuendum
736 1361 808 1439 est,
828 1355 960 1450 nempe
977 1373 1052 1448 quo
1071 1347 1152 1424 lon·
1242 1361 1244 1368 ’

139 1461 539 1562 ginsaeretoricorum
551 1458 597 1532 ad
608 1460 829 1532 Herennium
842 1476 1000 1554 auctore,
1013 1486 1039 1534 a
1051 1463 1152 1535 Cice·

137 1601 229 1650 rone
253 1574 483 1666 discedimus,
504 1598 549 1646 eo
568 1574 707 1645 minore
720 1575 758 1644 in
774 1573 890 1672 pretio
908 1589 944 1647 et
961 1569 1100 1647 minore
1113 1576 1151 1648 in

138 1714 208 1762 usu
225 1687 387 1760 habitam
410 1687 592 1772 memorias
610 1700 726 1758 ortem
746 1685 874 1760 videri.
898 1691 1023 1785 Itaque
1039 1689 1154 1776 Quin·

138 1801 285 1874 tilianus
301 1814 508 1901 postquam,
526 1796 728 1872 secundum
740 1813 903 1871 veterum
923 1800 1153 1874 consuetudi·

137 1939 225 1987 nem
241 1927 277 1988 et
293 1914 475 1986 Ciceronis
490 1913 614 2003 verba,
626 1937 719 2011 opus
732 1937 809 1986 esse
821 1913 909 1985 locis
922 1916 1148 2008 memoravit,

138 2013 272 2126 quibus
288 2053 356 2128 pro
373 2053 470 2119 cera,
489 2026 686 2098 simulacris
700 2025 831 2123 quibus
848 2051 916 2126 pro
931 2026 1058 2098 litteris
1071 2042 1153 2100 uta·

138 2164 234 2234 mur,
242 2141 337 2212 hanc
346 2137 783 2212 reminiscendirationem
792 2136 875 2210 ideo
888 2137 1149 2235 reprehendit⁸,

137 2253 239 2352 quod
267 2283 285 2320 α
304 2253 470 2352 impediri
495 2277 641 2342 eorum,
660 2274 741 2348 quae
758 2237 845 2322 dicit
862 2265 1000 2338 orator,
1024 2249 1152 2324 decur-

137 2389 218 2440 sum
240 2390 385 2439 necesse
406 2379 460 2436 est
481 2365 617 2464 duplici
642 2364 826 2437 memoriae
848 2388 998 2438 cum...-
1015 2368 1148 2459 Quare,

138 2479 271 2577 inquit,
285 2494 322 2551 et
335 2478 556 2552 Charmadas
568 2495 604 2550 et
620 2479 784 2578 Scepsius
796 2476 1035 2570 Metrodorus,
1057 2503 1152 2576 quos

139 2594 266 2664 Cicero
292 2591 381 2664 dixit
407 2616 491 2664 usos
518 2589 587 2664 hac
607 2590 876 2681 exercitatione,
900 2589 969 2682 sibi
993 2588 1152 2664 habeant

139 2729 228 2778 sua:
250 2730 319 2777 nos
335 2704 553 2805 simpliciora
566 2704 763 2776 tradamus.
786 2734 804 2770 >³

188 2823 278 2908 Quae
293 2843 408 2917 quum
420 2818 541 2888 nimiis
557 2815 767 2914 ambagibus
785 2814 968 2916 implicata
985 2830 1020 2888 et
1037 2813 1150 2889 nimio

138 2929 264 3004 labore
290 2930 429 3002 inutilia
445 2944 642 3029 postponat
665 2928 944 3028 simplicioribus
968 2929 1151 3030 memoriae

140 3041 307 3115 subsidiis
330 3042 589 3136 Quintilianus,
613 3067 678 3115 cur
698 3043 823 3115 Victor
843 3041 970 3115 eadem
997 3043 1149 3115 omnino

140 3155 302 3254 respuit?
319 3159 557 3253 Praeterquam
571 3155 672 3253 quod
690 3156 872 3228 memoriae
888 3154 1051 3229 assiduus
1066 3179 1150 3228 usus

139 3293 216 3341 non
232 3267 359 3340 eadem
375 3268 523 3340 forsitan
540 3269 751 3340 necessitate
768 3268 1150 3367 frequentabaturVic·

140 3382 228 3452 toris
248 3405 321 3478 qua
342 3379 446 3452 Tullii
473 3378 710 3478 temporibus,
739 3378 800 3451 ubi
818 3405 1007 3452 causarum
1024 3392 1061 3452 et
1083 3403 1160 3452 nu·“

140 3518 261 3566 merus
274 3508 311 3564 et
320 3492 516 3590 dignitaset
525 3491 745 3591 quotidianae
755 3490 951 3563 subeundae
962 3516 1029 3590 pro
1039 3492 1146 3584 lama,

141 3631 209 3704 pro
224 3604 349 3703 gloria,
368 3632 436 3704 pro
453 3607 537 3701 vita,
560 3630 627 3704 pro
651 3604 781 3705 opibus
798 3604 965 3705 procellae
980 3605 1149 3677 exercita·

140 3719 278 3794 tissima
294 3721 445 3792 oratoris
460 3719 634 3794 memoria
646 3716 868 3816 indigebant3
883 3717 989 3790 aliam
1002 3719 1149 3818 insuper

182 3925 215 3984 l.
236 3924 385 3982 Rhetorica
397 3925 440 3982 ad
453 3925 483 3985 C.
502 3927 641 3998 Hereum,
655 3926 715 3997 111,
731 3925 837 3984 to-at.

183 4016 215 4077 2.
236 4014 295 4075 Cio.
312 4017 350 4072 de
367 4018 496 4089 Oratore,
511 4017 556 4085 11,
573 4017 678 4077 86-88.

184 4106 213 4165 3.
238 4103 374 4177 Quintil,
394 4105 457 4176 XI,
478 4105 513 4177 Ξ,
534 4108 583 4175 ll,
602 4123 664 4182 sqq.

183 4196 212 4254 4.
238 4191 375 4269 Quintil,
388 4196 448 4266 xl,
464 4193 499 4264 Ξ,
514 4193 621 4256 atr-as.
