2880 5058
512 825 771 930 INDEX.

490 1281 798 1364 rsoonnrun.
839 1389 841 1396 Ι

140 1536 165 1619 3
184 1541 216 1595 l.
239 1541 283 1596 De
299 1535 393 1616 prima
408 1535 530 1596 Victoris
546 1534 637 1594 libelli
652 1535 779 1595 editione
795 1579 1063 1601 ..............
1134 1541 1148 1596 1

140 1631 165 1714 3
184 1637 216 1692 2.
242 1636 337 1707 Quare
350 1631 429 1690 hunc
440 1631 531 1712 ignoti
544 1630 668 1690 rhetoris
681 1629 787 1689 librum
800 1631 966 1710 expendere
979 1645 1073 1691 tenta-

229 1729 322 1786 verim
327 1771 1065 1793 .....................................
1135 1733 1153 1787 2

19 1905 21 1912 Α
142 1824 166 1906 3
191 1828 225 1884 3.
248 1829 292 1882 De
307 1827 339 1883 C.
357 1824 435 1882 Julio
447 1825 563 1883 Victore
581 1844 673 1902 pauca
676 1869 1064 1888 ....................
1137 1829 1154 1883 3

142 1919 167 2001 3
189 1928 223 1978 l.
246 1924 291 1978 De
312 1919 477 1978 rhetoribus
503 1939 627 1996 quorum
656 1932 799 2000 praecepta
820 1921 851 1978 in
871 1920 1076 1999 compendium

232 2036 317 2075 suum
338 2015 483 2074 transtulit
496 2015 593 2073 Victor
595 2059 1065 2081 ........................
1138 2020 1156 2073 5

144 2109 169 2191 3
192 2114 225 2170 5.
247 2112 280 2168 C.
291 2108 493 2168 JuliiVictoris
501 2109 745 2169 ArtisRhetorieae
756 2112 940 2171 materiarum
952 2131 1075 2170 summa.
1118 2114 1157 2169 ta

145 2204 169 2286 3
190 2208 224 2264 6.
246 2204 386 2284 Opusculi
397 2205 488 2264 nostri
504 2205 535 2263 in
550 2217 675 2282 quatuor
690 2221 786 2285 partes
802 2207 957 2288 descriptio
959 2251 1068 2269 ......
1118 2209 1157 2262 15

451 2435 612 2504 CAPUT
644 2436 855 2506 PRIMUM.

149 2647 174 2729 3
196 2652 229 2706 l.
250 2651 294 2705 De
312 2645 348 2706 iis
365 2666 431 2726 quae
447 2646 484 2706 ab
498 2652 679 2728 Hermagora
697 2647 810 2707 seniore
826 2649 859 2708 C.
875 2647 969 2707 Julius
980 2647 1079 2706 Victor

235 2741 390 2822 assumpsit
391 2786 1069 2807 .................................
1118 2748 1156 2803 17

151 2838 175 2920 3
195 2844 228 2899 2.
251 2844 295 2898 De
311 2838 417 2918 triplici
433 2838 546 2898 ratione
558 2859 617 2917 qua
629 2838 727 2897 Victor
739 2839 907 2900 Ciceronem
921 2852 950 2899 et
963 2839 1080 2914 Quinti-

236 2935 347 2994 lianum
365 2939 480 2995 secutus
496 2946 538 2993 est
539 2977 1070 2999 ............................
1121 2937 1159 2992 27

414 3158 577 3226 CAPUT
609 3157 901 3226 SECUNDUM.

155 3372 230 3454 31.
253 3373 323 3444 Quae
347 3366 468 3428 virtutes
495 3379 524 3425 et
545 3365 615 3425 vitia
637 3367 668 3425 in
689 3370 722 3426 C.
747 3365 817 3425 Julii
838 3365 958 3426 Victoris
977 3385 1081 3447 opere,

239 3461 367 3543 exceptis
380 3460 494 3522 duobus
511 3462 619 3521 ultimis
633 3461 791 3543 capitibus,
806 3463 953 3543 praecipua
966 3463 1032 3526 sint.
1045 3509 1073 3526 ..
1123 3467 1161 3522 ld

157 3561 181 3642 3
200 3565 230 3620 2.
252 3565 297 3618 De
317 3556 490 3638 quibusdam
506 3555 630 3616 rhetoris
644 3557 735 3616 nostri
754 3556 924 3618 utilitatibus
926 3602 1073 3623 ........
1125 3561 1163 3617 60

448 3785 608 3856 CAPUT
639 3783 877 3854 TERTlUM.

160 3998 233 4079 31.
255 3997 374 4076 Aliquot
395 3993 559 4054 summatim
583 3991 620 4052 de
642 3990 778 4052 extremis
797 3989 910 4050 duobus
924 3989 1086 4052 Rhetoricae

240 4094 327 4169 hujus
341 4091 419 4153 Artis
434 4090 576 4172 capitibus
590 4089 665 4150 dicta
667 4131 837 4154 .........
844 4149 848 4158 ,
847 4131 1077 4152 ............
1127 4091 1166 4148 63

161 4189 184 4272 3
203 4195 233 4250 2.
256 4195 326 4266 Quae
339 4194 372 4252 C.
383 4188 478 4248 Julius
489 4187 587 4246 Victor
598 4187 636 4246 de
647 4185 886 4247 sermocinatione
898 4183 1077 4264 praeceperit.
1127 4189 1166 4246 69
