2866 5056
277 513 415 608 reliqua
438 507 560 580 omnia
585 509 793 580 Latinorum
811 507 1016 602 rhetorum,
1043 535 1122 608 quae
1136 510 1282 610 quidem

278 647 461 726 superesse
477 621 628 713 scirent,
649 635 826 720 praecepta
840 636 1106 720 congesserunt.

377 1091 400 1176 S
413 1095 443 1153 2.
459 1095 556 1172 Quare
567 1093 644 1153 hunc
656 1093 746 1174 ignoti
760 1093 883 1152 rhetoris
896 1093 1002 1153 librum
1018 1093 1182 1173 expendere

689 1187 872 1246 tentaverim.

328 1407 529 1497 Utcumque
543 1414 663 1472 autem
679 1423 716 1470 se
733 1424 789 1471 res
805 1397 915 1470 habet
933 1398 984 1494 (et
999 1400 1028 1470 si
1043 1424 1122 1495 quae
1132 1401 1284 1472 sentiam

278 1513 438 1615 profiteri
449 1513 544 1605 licet,
561 1512 648 1583 mihi
660 1510 732 1583 hoc
742 1512 1033 1611 opusverisimile
1045 1527 1110 1605 est,
1125 1537 1168 1584 ex
1182 1514 1285 1586 Otto·

278 1626 440 1698 boniano
460 1623 636 1694 Vaticanae
651 1621 877 1694 bibliothecae
897 1622 1130 1694 membraneo
1160 1622 1285 1698 codice

280 1738 399 1810 saeculi
411 1737 520 1807 ferme
531 1733 720 1836 xnaMaio
731 1735 1046 1832 editum‚primum
1057 1735 1149 1806 inter
1161 1757 1285 1806 recen·

280 1851 389 1922 tiores
402 1849 566 1918 homiues
576 1847 722 1942 insignis
734 1846 883 1942 hujusce
903 1847 970 1918 viri
982 1862 1149 1919 accurato
1161 1847 1286 1922 labore

280 1987 300 2035 e
313 1961 471 2034 tenebris
485 1961 520 2031 in
532 1960 649 2030 lucem
660 1959 878 2056 emersisse),
894 1983 967 2030 non
984 1983 1286 2058 supervacaneam

277 2091 485 2172 susceptum
498 2073 541 2142 iri
557 2097 578 2143 a
595 2097 653 2142 me
662 2097 812 2171 operam
823 2071 1015 2167 arbitratus
1026 2095 1120 2164 sum,
1135 2073 1164 2143 si
1174 2099 1286 2170 quam

275 2189 406 2260 ceteris
429 2187 610 2258 minorum
627 2185 720 2255 inter
744 2189 924 2257 Romanos
942 2183 1129 2254 rhetorum
1152 2185 1287 2258 artibus

279 2301 507 2370 ,Rhetoricam
525 2302 644 2368 Artem
669 2296 851 2394 subjunxit
877 2297 1011 2386 Maius,
1039 2319 1156 2394 pauca
1183 2311 1219 2367 et
1245 2321 1289 2370 ea

276 2411 426 2508 quidem
445 2411 581 2509 optima
597 2424 674 2480 tum
687 2409 733 2480 de
749 2409 903 2499 Victore,
918 2423 995 2479 tum
1009 2407 1054 2478 de
1069 2408 1180 2506 ipsius
1192 2407 1288 2482 libro

280 2526 459 2624 praefatus,
478 2549 557 2596 eam
571 2523 679 2621 paulo
694 2521 920 2594 uberioribus
936 2521 1204 2592 commentariis
1221 2548 1288 2619 pro

278 2639 373 2709 virili
388 2653 489 2736 parte
514 2636 759 2707 instruendam
781 2634 871 2706 mihi
894 2659 1151 2733 proponerem.
1177 2639 1222 2704 Et
1244 2660 1289 2707 eo

281 2749 442 2849 profecto
457 2749 624 2820 libentius
642 2748 804 2818 animum
822 2745 948 2817 induxi
965 2761 1004 2817 ut
1021 2771 1088 2846 pro
1108 2745 1241 2841 exiguis
1254 2762 1292 2819 et
1431 2819 1432 2842 2

282 2863 415 2959 ingenii
436 2878 471 2935 et
497 2861 668 2934 doctrinm
694 2860 823 2960 opibus
849 2859 922 2931 hoc
946 2859 1034 2930 mihi
1056 2861 1214 2932 muneris
1232 2860 1289 2931 in·
1379 2859 1381 2864 ’

283 2975 490 3047 choandum
517 2976 753 3072 injungerem,
785 2973 898 3070 quod,
927 2973 1005 3070 ipso
1040 2974 1173 3069 Angelo
1196 2974 1290 3046 Maio

284 3101 371 3160 teste
392 3102 427 3159 et
454 3103 621 3180 auctore,
648 3112 724 3158 non
749 3086 886 3158 inutilis
905 3086 1040 3158 intente
1063 3085 1264 3182 legentibus
1277 3142 1288 3178 ,

283 3205 391 3276 etiam
417 3218 499 3310 post
525 3203 728 3292 Ciceronis,
762 3202 871 3274 etiarn
899 3217 982 3303 post
1009 3203 1218 3290 Quintiliani
1246 3205 1292 3278 ad

285 3318 478 3390 oratoriam
533 3315 795 3390 institutionem
852 3315 1039 3390 attinentia
1087 3332 1289 3416 praecepta,

284 3429 438 3505 Victoris
459 3429 648 3504 Rhetorica
676 3435 739 3504 Ars
763 3429 954 3504 videbitur.
976 3433 1046 3502 Seu
1064 3429 1161 3500 enim
1182 3427 1228 3500 ad
1253 3429 1293 3504 id

284 3543 492 3645 compendii
508 3545 607 3617 istius
622 3544 810 3642 diligenter
827 3541 1025 3637 investigati
1042 3541 1148 3612 lectio
1164 3556 1200 3613 et
1216 3567 1290 3614 me·

286 3657 411 3730 ditatio
428 3655 604 3756 proficiat,
624 3674 664 3730 ut
676 3657 803 3729 melius
814 3656 899 3728 inde
916 3653 1166 3752 dignoscamus
1183 3679 1293 3754 quan-

286 3769 331 3842 tis
359 3767 583 3864 excogitandi
616 3767 831 3868 dicendique
859 3765 1049 3840 virtutibus
1083 3781 1123 3838 ut
1155 3783 1292 3840 ceteros

286 3881 495 3954 Latinorum
516 3881 674 3954 minores
697 3881 937 3981 artigraphos,
965 3881 1015 3954 ita
1030 3880 1155 3954 Caium
1174 3881 1292 3980 ipsum

288 3995 422 4067 Julium
437 3991 620 4065 Victorem
637 4011 868 4094 exsuperent,
890 4020 952 4067 seu
970 4017 1065 4066 nova
1077 3991 1240 4090 quaedam
1257 4007 1293 4064 et

288 4133 363 4181 non
375 4106 610 4178 annotatione
624 4107 773 4206 indigna
786 4108 884 4208 apud
897 4107 1065 4185 eumdem
1085 4120 1290 4196 occurrant3
