2866 5056
684 406 881 480 ..22-

281 555 511 632 01100010ιο
527 554 656 645 100001,
676 578 751 626 000
768 551 889 648 magni
906 547 1088 647 generales
1099 573 1159 620 eas
1171 547 1290 624 dieses

283 669 398 742 lacere
414 666 592 755 videatur,
603 689 693 763 quas
710 669 946 759 Hermagoras
962 662 1083 734 senior
1100 662 1145 757 (is
1156 685 1290 762 nempe

282 806 392 879 quem
418 778 595 878 sequitur)
620 778 669 850 ad
694 777 911 850 rhetoricam
931 774 1111 874 pertinere
1133 774 1287 870 dixerat,

283 919 397 991 quum
405 908 534 966 contra
541 892 677 988 junior,
695 887 919 977 Quintiliano
932 901 1169 981 memorante,
1183 913 1291 986 nega·

283 1007 410 1080 verat?
433 1007 503 1094 Qui
526 1003 568 1078 iit
588 1019 628 1077 ut
645 1005 683 1076 in
700 1003 908 1100 gravissima
925 1023 983 1092 re,
1006 1001 1039 1074 si
1054 1024 1130 1074 non
1147 1003 1291 1098 penitus

284 1117 481 1208 dissentiat,
514 1133 553 1192 at
576 1132 672 1190 certe
695 1117 920 1213 aliquatenus
944 1114 991 1187 ab
1014 1114 1209 1213 exemplari
1222 1141 1289 1188 suo

282 1232 423 1304 seniore
440 1235 660 1328 Hennagora
677 1229 865 1301 discedat?
884 1234 1027 1302 Fatetur
1042 1228 1190 1324 quidem
1206 1231 1289 1302 Vic-

283 1357 496 1416 torrentum
513 1367 590 1414 esse
606 1342 644 1414 in
663 1365 877 1438 unaquaque
894 1364 1002 1414 causa
1013 1340 1125 1414 ordiri
1145 1366 1291 1438 agene·

282 1456 416 1528 ralibus
428 1453 696 1551 questionibus,
709 1468 744 1526 et
754 1453 800 1526 ab
809 1454 851 1526 iis
863 1453 1038 1550 gradatim
1046 1453 1095 1525 ad
1103 1455 1287 1552 speciales,

283 1565 322 1642 id
338 1582 404 1658 est,
420 1567 468 1642 ad
483 1591 597 1639 causae
613 1567 777 1665 proprias
794 1565 1025 1639 descendere.
1042 1566 1289 1640 «intuendum

283 1693 404 1754 101000
415 1695 480 1770 est,
493 1680 623 1778 inquit,
639 1705 684 1751 ne
699 1679 806 1751 nimis
815 1679 1052 1750 immoremur
1064 1679 1289 1775 generalibus

283 1792 558 1890 quaestiouibus,
592 1791 655 1865 sed
683 1793 900 1891 praecipuam
926 1793 1218 1890 congressionem
1241 1793 1290 1866 ad

284 1929 399 1980 causae
410 1907 572 2006 proprias
583 1907 807 1979 conferamus
815 1907 1174 2005 species.Disputati0
1192 1907 1289 1980 enirn

284 2019 503 2115 generalium
520 2018 617 2117 apud
638 2020 778 2092 0011000
794 2019 958 2117 judicum
983 2018 1196 2119 preparabit
1211 2033 1290 2092 tan·

283 2130 475 2204 tumtuodo
485 2130 637 2222 aditum,
654 2131 811 2226 utmagis
820 2130 1036 2230 persuadere
1047 2131 1162 2230 possis
1175 2155 1290 2227 quum
1338 2175 1340 2184 ,

279 2238 331 2312 de
343 2239 556 2337 specialibus
565 2238 827 2336 disputabis...
845 2241 917 2310 Etsi
930 2238 1113 2334 generales
1125 2237 1291 2312 nonnihil

281 2366 449 2449 prosunt,
463 2351 533 2422 nisi
548 2365 668 2423 [01000
685 2376 770 2423 cum
785 2377 925 2424 summa
934 2351 1109 2424 industria
1119 2352 1290 2450 speciales

283 2463 416 2538 fuerint
438 2462 640 2554 elaboratae,
665 2463 794 2537 frustra
815 2465 859 2537 sit
876 2466 913 2536 in
934 2464 1159 2563 generalibus
1179 2490 1290 2564 opera

283 2590 513 2674 consumpta.
533 2607 551 2642 u

289 2731 293 2738 ·
331 2691 408 2785 Ego
436 2703 558 2768 autem
585 2711 794 2786 quanquam
825 2712 902 2760 non
928 2687 1059 2762 infitias
1090 2714 1135 2762 eo
1165 2693 1289 2764 omnia

283 2798 360 2874 lime
388 2817 483 2875 recte
505 2827 531 2875 a
553 2803 697 2876 Victore
719 2827 798 2876 esse
824 2801 1033 2900 disceptata,
1064 2827 1144 2874 vere
1167 2817 1289 2875 tamen

283 2914 375 2986 mihi
391 2915 513 2988 videre
531 2916 658 2988 videor
672 2915 719 2988 ab
736 2941 781 2988 00
797 2920 1054 3011 Hermagoreas
1075 2914 1194 2988 theses
1214 2915 1289 2992 sive

284 3025 1289 3126 infinitasquaestiones,pretiiminoris,quamaCicerone
1358 3048 1362 3068 ⁴

273 3153 321 3215 -ct
333 3139 568 3230 Quintiliano,
584 3141 761 3212 aestimari.
778 3142 923 3212 Frustra
937 3141 1035 3212 enim
1052 3139 1147 3212 dicet
1162 3140 1289 3237 aliquis

282 3257 540 3350 Hermagoram
551 3280 572 3326 a
582 3255 696 3326 Tullio
702 3255 833 3351 juvene
845 3255 882 3325 iu
892 3255 1011 3352 primo
1022 3253 1068 3327 de
1078 3253 1290 3328 Inventione

280 3364 377 3438 11100
392 3393 471 3440 esse
487 3368 756 3466 reprehensum,
777 3367 876 3466 quod
894 3368 1079 3441 materiam
1094 3366 1289 3438 rhetorices
1407 3410 1410 3418 ·

281 3478 322 3550 in
337 3479 454 3552 theses
469 3497 506 3553 et
520 3507 645 3554 causas
656 3481 826 3554 diviserit.
840 3486 921 3553 Haec
933 3481 1081 3579 quidem
1094 3479 1147 3550 ibi
1163 3480 1289 3552 Cicero

283 3594 447 3690 scripsit:
463 3625 480 3660 α
494 3598 664 3666 'Causam
673 3619 751 3669 esse
763 3594 849 3668 dicit
855 3599 1093 3690 Hermagoras
1105 3616 1194 3683 rem,
1209 3617 1289 3689 quae

282 3703 414 3778 babeat
434 3708 473 3780 10
497 3732 535 3780 se
562 3709 845 3780 controversiam
873 3708 912 3781 in
944 3706 1100 3781 dicendo
1132 3707 1289 3805 positam

283 3839 368 3892 cum
391 3843 627 3916 personarum
653 3834 832 3892 certarum
855 3820 1149 3919 interpositione,
1177 3843 1288 3918 quam

322 4102 352 4156 1.
375 4100 408 4157 C.
421 4100 449 4156 J.
462 4097 551 4170 vict,
566 4119 631 4178 cap.
647 4120 694 4173 rr,
708 4098 730 4180 S
742 4104 778 4170 1,
795 4121 824 4180 p.
842 4103 947 4163 2435.

323 4195 354 4255 Ξ.
375 4192 434 4254 Cic.
453 4195 492 4250 de
508 4196 680 4273 Inventione,
695 4198 726 4270 1,
741 4199 774 4260 6.
