2880 5058
556 353 752 428 ..93-

148 515 184 576 et
200 499 248 573 ad
263 500 390 572 Dionis
408 500 632 599 propinquos
657 502 807 601 epistola
826 504 994 578 Platonis.
1015 513 1054 580 ln
1071 513 1156 584 uni-

147 638 291 686 versum
305 627 425 688 autem
443 613 633 686 misceatur
643 613 804 712 epistola,
824 616 923 711 quod
936 617 984 689 ad
998 619 1156 696 locutio·

147 752 234 802 nem
251 726 349 819 facit,
370 751 413 798 ex
430 724 570 799 duabus
589 726 645 798 his
663 727 800 820 formiS,
820 744 989 820 venusta,
1006 730 1154 831 iuquam
1189 805 1191 809 ,

147 855 184 912 et
201 840 311 913 tenui.
332 867 351 907 a
369 843 485 928 Quem
502 839 650 936 quidem
665 841 837 914 Demetrii
858 840 904 913 de
921 844 1154 941 epistolarum

146 953 305 1026 dictione
335 967 371 1027 et
397 953 552 1051 propriis
575 952 681 1028 rebus
708 954 828 1026 locum
858 980 975 1054 operae
998 961 1154 1056 pretium

146 1083 238 1140 esset
255 1067 384 1140 multas
401 1067 438 1138 in
462 1081 581 1166 partes
602 1081 789 1140 tractatum
810 1069 1016 1167 explanare3
1036 1074 1099 1146 sed
1115 1077 1154 1148 id

145 1207 221 1254 non
234 1182 280 1253 ad
298 1207 375 1252 rem
392 1181 498 1254 nohis
509 1206 607 1254 nunc
621 1183 855 1280 propositam.
878 1187 930 1254 De
944 1183 1014 1258 hoc
1032 1201 1152 1261 tamen

147 1300 370 1371 mentionem
390 1299 507 1370 obiter
526 1298 612 1389 leci,
644 1313 678 1370 et
706 1300 811 1395 quia,
837 1291 950 1396 quum
974 1303 1154 1380 rarissima

144 1413 213 1482 sint
234 1427 393 1484 veterum
411 1410 456 1482 de
467 1410 624 1510 epistolis
636 1411 869 1503 testimouia¹,
885 1437 958 1485 non
972 1439 1153 1512 operama

145 1551 203 1598 me
223 1525 403 1625 perditum
416 1525 459 1596 iti
476 1524 626 1616 credidi,
649 1524 677 1596 si
697 1525 734 1595 in
752 1551 867 1597 unum
891 1528 1046 1624 spatium
1063 1554 1151 1602 con·

143 1639 273 1710 ferrern
283 1663 518 1736 quaecumque
535 1653 597 1710 aut
608 1642 728 1710 Graeca
748 1652 809 1710 aut
822 1643 981 1712 Romana
999 1643 1152 1739 antiqui·

144 1767 198 1824 tas
216 1751 263 1822 de
279 1750 340 1822 illo
358 1749 536 1822 scribendi
562 1776 691 1846 genere
717 1751 912 1849 disciplinis
935 1754 1152 1849 quibusdam

144 1864 273 1937 edocta
291 1865 503 1954 transmisit;
524 1878 559 1936 et
580 1865 664 1960 quia
681 1862 821 1962 planius
844 1889 886 1936 ex
903 1890 945 1937 ea
961 1868 1152 1943 collatione

143 1977 299 2076 perspici
319 1991 438 2075 potest
455 1991 490 2049 et
507 1975 695 2073 dijudicari
715 1976 804 2074 quid
819 1979 940 2049 Victor
958 1978 1004 2050 de
1021 1981 1151 2078 episto·

144 2092 211 2163 lari
229 2092 357 2180 forma,
376 2091 560 2189 praeceptis
577 2092 733 2188 primum
745 2090 791 2164 ab
804 2092 880 2190 ipso
894 2095 1017 2166 latine
1031 2095 1150 2167 rheto·
1223 2081 1226 2089 ’

141 2205 225 2282 ricis
241 2229 284 2278 ex
299 2206 461 2303 professo
479 2205 665 2302 explicata,
686 2207 846 2277 senserit.
860 2206 957 2293 Quid
973 2223 1093 2279 autem
1107 2235 1150 2281 ex

143 2317 314 2390 omnibus
329 2317 521 2406 Demetrii,
538 2317 732 2408 Ciceronis,
752 2319 975 2410 Quintiliani,
989 2335 1049 2393 aut
1061 2346 1149 2394 con·

143 2432 293 2530 gregatis
303 2430 555 2528 antdispersis,
568 2429 614 2502 de
628 2431 859 2530 epistolarum
871 2448 997 2507 natura
1005 2435 1150 2530 judiciis

183 2704 212 2758 l.
236 2694 309 2756 Mihi
327 2695 358 2753 in
381 2705 519 2774 promptu
540 2705 615 2752 esset
636 2693 717 2755 varia
738 2693 931 2752 recentiorum
958 2697 1147 2776 scriptorum,

140 2787 295 2860 Politiani,
311 2787 438 2857 Erasmi,
459 2790 476 2844 J
479 2784 534 2842 usti
555 2783 645 2862 Lipsii
664 2784 701 2843 de
717 2784 902 2862 antiquorum
921 2788 1050 2864 epistolis
1066 2791 1149 2850 testi·

140 2877 240 2938 monia
255 2895 288 2934 ac
301 2873 412 2948 judicia
425 2875 547 2949 afferre,
561 2893 625 2951 quae
638 2872 705 2932 ideo
727 2875 958 2952 praetermittam,
976 2875 1054 2953 quod
1068 2877 1148 2938 omni

141 2968 202 3026 sere
221 2989 259 3027 ex
277 2979 379 3046 parte,
397 2986 462 3024 cum
480 2964 517 3023 iis
537 2983 601 3042 quae
623 2965 863 3036 memoravimus,
883 2966 1080 3027 consentiant.
1111 2973 1149 3030 lt

140 3078 256 3136 nequeo
273 3057 344 3116 mihi
356 3069 517 3134 temperare
531 3053 686 3132 quominus
699 3054 800 3112 ceteris
810 3066 940 3112 veterum
955 3055 1146 3134 scriptorum,

141 3169 206 3226 quae
214 3149 251 3208 ad
261 3147 397 3227 epistolas
404 3157 545 3225 spectant,
557 3143 683 3217 indiciis,
695 3163 730 3202 ea
738 3143 922 3223 coniungam,
933 3164 998 3222 quae
1008 3145 1044 3203 de
1054 3158 1148 3205 mate·

141 3239 183 3298 tia
197 3237 301 3298 eadem
319 3235 433 3314 scripsit
448 3234 653 3306 Philostratus,
674 3253 725 3292 seu
744 3232 882 3310 quoniam
898 3233 1006 3311 optime
1025 3255 1096 3300 cum„
1112 3235 1147 3302 iis

140 3349 205 3407 quae
218 3326 306 3386 retuli
323 3325 484 3403 quadrant3
500 3344 551 3383 seu
567 3323 704 3400 quoniam
720 3323 875 3382 ostendunt
884 3336 1081 3402 quantopere,
1093 3325 1147 3386 sub

139 3418 278 3480 Romanis
286 3413 520 3495 imperatoribus,
531 3412 717 3492 epistolarum
726 3411 1000 3471 conscribendarum
1008 3433 1055 3472 ars
1069 3434 1086 3472 a
1099 3433 1147 3472 so·

140 3510 245 3588 phistis
258 3528 292 3566 ae
308 3504 471 3565 rhetoribus
485 3503 608 3574 Graecis,
624 3522 683 3562 non
697 3502 792 3561 minus
810 3522 897 3580 quam
916 3503 1040 3576 Latinis,
1059 3523 1146 3564 aecu-

141 3612 204 3658 rata
220 3599 264 3657 sit.
282 3601 350 3660 Haec
366 3607 462 3654 autem
479 3605 546 3653 sunt
559 3592 723 3651 Philostrati
740 3591 830 3650 verba
849 3615 856 3649 ε
875 3592 956 3652 «Τὸν
976 3594 1145 3656 interclusis
1222 3655 1226 3662 ,

140 3691 302 3771 χαρακτῆρα
319 3691 366 3746 τοῦ
385 3685 464 3762 λόγου
482 3684 551 3762 μετὰ
563 3681 626 3752 Ιτοὺς
639 3680 766 3748 παλαιοὺς
782 3680 877 3762 ἄριστά
895 3705 938 3758 μοι
950 3683 1057 3743 δοκοῦσι
1071 3685 1145 3742 διτο-

139 3781 236 3859 αέρθαι
251 3774 400 3860 φιλοαόρων
415 3773 489 3850 μὲνδ
507 3770 625 3838 Τυανεὺς
644 3771 689 3832 καὶ
703 3775 790 3842 Δίων,
811 3775 967 3850 στρατηγῶν
985 3773 1012 3834 δὲ
1029 3775 1145 3850 Βροῦτος
1244 3817 1248 3826 .

74 3869 75 3872 “
141 3867 230 3948 ἢὸτῳ
250 3870 365 3950 Βροῦτος
384 3868 409 3933 ἐς
427 3865 458 3926 τὸ
477 3863 642 3926 torrenten
661 3865 776 3944 ἐχρῆτο,
801 3864 930 3942 βασιλέων
947 3863 986 3922 δ’ὁ
1008 3865 1146 3934 θεσπέσιος

137 3958 273 4034 Μάρκος,
287 3957 313 4015 ἐν
325 3945 363 4022 οἷς
378 3953 531 4015 ἐπέστελλεν
547 3950 635 4020 αὐτός·
649 3953 714 4030 πρὸς
728 3951 781 4030 γὰρ
795 3955 832 4030 τῷ
842 3950 992 4030 κεκριμένα)
1006 3957 1052 4012 τοῦ
1066 3951 1146 4032 λόγου

139 4049 187 4108 καὶ
195 4045 226 4106 τὸ
237 4047 392 4126 ἐδραῑοντοῢ
401 4044 478 4117 ἤθους
490 4041 655 4104 ἐντετύπωτο
662 4047 718 4110 τοῖς
730 4037 1006 4121 γράμμασι·ρητόρων
1018 4041 1041 4100 δ’
1051 4040 1144 4120 ἄριστα

146 4137 193 4214 μὲν
212 4134 335 4216 Ἡρώδης
348 4139 363 4196 ὁ
376 4133 512 4208 Ἀθηναῖος
526 4131 695 4210 ἐπέστελλον,
709 4131 915 4215 ὑπεραττικίζωυ
930 4128 958 4192 δὲ
970 4128 1018 4192 καὶ
1031 4132 1146 4210 hospitae
