2866 5056
662 320 860 399 ..58-

284 486 358 561 uod
374 485 501 579 disces,
520 487 550 561 si
561 486 688 562 itidem
699 486 1012 587 quemadmodum
1029 487 1190 586 feeerint,
1202 493 1265 592 qui

258 513 430 695 didicere,
450 601 658 705 perspicias.
678 631 696 672 »

305 717 382 792 Hac
392 712 577 792 latendum
588 728 640 791 est
651 714 781 813 insigni
791 715 1048 796 sententiarum
1056 714 1267 794 verborum·

258 851 330 936 que
345 826 523 905 celeritate
538 827 628 903 mire
638 826 956 931 comprehendisse
968 828 1151 906 Victorem
1166 831 1268 932 quid·

258 938 348 1042 quid
365 939 410 1020 ad
432 939 646 1045 eloquentiae
661 941 700 1012 in
716 938 936 1016 inveniendo
951 954 1070 1044 partes
1089 941 1214 1015 Cicero
1232 957 1269 1018 ct

180 1139 185 1148 1
258 1051 402 1146 Fabius,
421 1068 457 1130 et
473 1055 582 1132 ueteri
598 1053 761 1129 rhetores
777 1053 956 1160 pertinere
973 1053 1150 1132 dixerant.
1161 1057 1267 1133 Recte

257 1161 318 1242 hie
335 1191 477 1266 pressus
493 1192 723 1274 praecepsque
739 1167 883 1244 dicendi
902 1168 1056 1268 impetus
1076 1167 1268 1266 imaginem

258 1279 563 1390 plenameffingit,
573 1306 684 1380 quum
695 1280 762 1356 sibi
773 1281 1060 1358 ethnicushomo
1071 1280 1116 1358 de
1128 1305 1270 1382 pagana

260 1393 467 1498 eloquentia
484 1394 702 1471 adumbrare
719 1408 874 1496 poterat.
889 1398 1073 1488 Quorsum
1087 1419 1174 1470 vero
1194 1397 1270 1470 Vic-

259 1505 348 1584 toris
365 1520 528 1612 tempore
545 1508 607 1580 illa
619 1509 804 1611 spectanti
826 1512 895 1583 Aut
909 1507 956 1582 ad
972 1532 1087 1612 pauca
1098 1507 1270 1606 (quantu-

259 1613 316 1700 lus
332 1621 445 1715 enim,
473 1635 514 1698 ut
536 1621 704 1716 diximus,
733 1646 827 1698 sanae
845 1645 887 1699 ac
909 1621 1106 1724 praesertim
1125 1621 1270 1700 excelsae

260 1733 475 1834 eloquentia
482 1733 701 1831 jamdudum
714 1733 816 1812 locus
832 1732 929 1834 apud
946 1757 1106 1838 paganos
1123 1749 1200 1810 erat
1215 1759 1270 1810 re·

259 1843 364 1932 lictus
375 1843 403 1950 i)
433 1845 555 1924 autad
570 1848 672 1923 nihil.
696 1849 912 1950 Augustinus
927 1873 1014 1926 vero
1030 1872 1145 1950 quum
1156 1846 1270 1924 cluis·

259 1957 349 2037 lieni
365 1962 519 2038 oratoris
539 1960 657 2035 officia
681 1961 871 2052 describit,
893 1986 970 2037 non
983 1959 1153 2039 obsoletis
1170 1985 1272 2062 paga·

260 2095 394 2150 norum
407 2073 596 2150 rhetorum
608 2074 746 2149 artibus
759 2074 1100 2180 vulgatapraecepta,
1114 2072 1272 2150 docendi

261 2186 516 2271 tautummodo
533 2188 646 2284 gratia
659 2201 721 2258 aut
734 2187 857 2261 nescio
869 2211 980 2290 quern
990 2183 1155 2264 rabulam
1173 2185 1287 2275 insti„
1415 2175 1416 2204 ¹

262 2297 389 2377 tuendi
405 2323 525 2392 causa,
547 2297 671 2392 docet;
692 2297 755 2374 sed
773 2297 897 2376 divino
913 2297 1013 2390 fidei,
1037 2297 1162 2375 divino
1179 2298 1268 2402 spei,

263 2407 386 2489 divino
401 2411 582 2487 charitatis
600 2410 720 2490 studio
734 2411 990 2504 inflammatus,
1005 2409 1141 2509 ubique
1155 2409 1273 2486 homi·

260 2543 352 2599 num
378 2519 501 2598 salutis
527 2523 777 2598 incredibilem
797 2522 1031 2628 cupiditatem
1047 2538 1082 2597 et
1104 2521 1272 2598 humanis
1328 2567 1329 2570 π
1415 2515 1416 2544 ¹

262 2632 449 2710 allectibus
463 2636 672 2711 excelsiores
684 2636 830 2714 allectus
847 2634 1015 2713 declarat.
1036 2639 1155 2728 Quum
1166 2635 1273 2734 igitur
1349 2629 1352 2634 ’

264 2760 326 2824 aut
342 2749 512 2846 exiguum
528 2763 589 2823 aut
606 2750 715 2826 inane
737 2765 799 2824 ant
822 2750 1011 2826 confusum
1030 2750 1167 2826 Victori
1189 2771 1272 2848 pro·
1415 2751 1416 2768 ¹

263 2860 423 2964 positum
453 2887 584 2936 munus
594 2915 605 2957 ‚
627 2877 700 2936 tem
718 2864 844 2960 ingens
866 2876 902 2935 et
918 2859 1060 2937 salubre
1080 2875 1116 2937 et
1136 2859 1271 2935 illustre

259 2972 481 3070 ,assignatum
500 2973 546 3046 ab
562 2977 759 3075 Augustino
778 2975 979 3050 chriStianis
1003 2973 1205 3052 oratoribus
1217 2974 1271 3047 os·

265 3080 388 3160 tioium
413 3083 566 3158 videtur.
594 3091 682 3177 Quae
699 3087 861 3186 prolecto
880 3087 1066 3160 diversitas
1084 3110 1272 3186 nunquam

261 3195 303 3282 ⁸in
321 3209 474 3298 utroque
491 3197 714 3274 manifestius
731 3213 892 3304 apparet,
907 3225 1018 3302 quam
1034 3201 1072 3276 in
1085 3201 1170 3306 ipsis
1183 3199 1271 3276 locis

264 3302 331 3387 ubi
358 3307 467 3388 ambo
498 3309 566 3388 sibi
596 3335 793 3410 congruere
822 3312 932 3388 dicas.
954 3314 1137 3390 Victorem
1161 3311 1271 3413 paulo

146 3445 148 3460 ·
266 3433 371 3504 ¹autea
393 3435 578 3498 oratorum
603 3424 842 3500 imitationem
872 3425 1049 3524 discipulo
1076 3451 1142 3502 suo
1173 3447 1273 3502 com·

265 3531 439 3610 mandare
455 3535 624 3612 vidimus.
641 3541 720 3612 Hoc
731 3537 829 3613 idem
841 3539 924 3617 facit
933 3539 1137 3618 christianis
1147 3536 1275 3612 docto·

266 3642 366 3724 ribus
389 3649 599 3750 praecipiens
620 3650 786 3750 quaedam
818 3652 1046 3750 Augustinus,
1073 3651 1137 3729 sed
1164 3675 1274 3752 quam

267 3752 425 3848 diversa,
451 3760 545 3858 proh
565 3759 686 3844 Densi
712 3763 932 3839 auctoritatis
960 3765 1143 3858 gravitate,
1163 3787 1275 3863 quam

266 3857 374 3964 longe
392 3863 528 3963 dispari
546 3867 684 3940 virtutis
700 3869 927 3970 veritatisque
941 3894 1064 3950 amore
1077 3865 1270 3977 impulsusl

271 4001 289 4038 r
308 3974 380 4061 Qui
410 3998 486 4048 non
511 3975 643 4070 solum,
677 3979 753 4071 ait¹,
786 3980 978 4078 sapienter,
1009 3981 1273 4054 verumetiam

308 4094 339 4153 l.
361 4092 463 4164 Aurei.
479 4097 602 4177 August.
618 4099 656 4155 de
668 4101 750 4158 Doce.
767 4099 957 4176 curm.,1v,
976 4101 1005 4163 b.
