2866 5056
578 365 773 434 *2⁴7*

173 511 224 590 ibi
236 513 613 610 vestigiadeprehendi
622 529 788 610 possunt,
798 539 911 612 quam
920 514 1171 588 triurnanobis

174 641 473 714 memoratorum,
492 617 648 723 quorum
660 628 736 724 jam
749 633 1007 724 Hermagoran]
1024 649 1172 725 percen-

169 739 327 830 suimus,
347 739 401 826 de,
413 739 588 812 Cicerone
609 763 707 810 nunc
728 739 980 814 tautummodo
1001 756 1039 814 et
1058 739 1169 813 Fabio

172 873 255 924 curn
266 851 412 925 Victore
421 849 650 924 conferendis
664 852 873 947 cogitemus.

166 1167 231 1251 §2
247 1173 292 1228 De
307 1167 412 1247 triplici
426 1168 535 1229 ratione
549 1189 607 1248 qua
621 1169 718 1226 Victor
733 1169 901 1228 Ciceronem
915 1181 944 1228 et
962 1170 1170 1246 Quintilianum

183 1265 187 1270 “
576 1271 690 1318 secutus
706 1269 759 1317 est.

215 1426 448 1511 Pertracteto,
472 1421 572 1493 omni
595 1446 674 1518 quae
695 1421 733 1492 in
758 1421 865 1496 nobis
882 1423 1064 1518 diligentia
1088 1424 1167 1514 fuit,

165 1535 319 1608 Victoris
335 1534 381 1606 de
396 1534 549 1604 materiis
565 1558 680 1631 nuper
692 1537 983 1608 commemoratis
999 1537 1169 1610 universo

164 1648 370 1739 volumine,
389 1647 435 1720 ad
450 1647 489 1718 id
501 1647 626 1742 judicii
650 1647 697 1718 de
719 1648 946 1746 rationeque
965 1648 1121 1722 Tullium
1134 1662 1171 1720 et

165 1765 314 1838 Fabium
333 1766 494 1862 sequitur
509 1763 657 1836 adducti
671 1789 815 1852 sumus,
838 1779 879 1836 ut
896 1764 1072 1836 Gallicum
1090 1789 1171 1838 nos·

166 1891 263 1950 trum
280 1877 462 1951 rhetorem
477 1903 705 1950 censeremus
724 1894 786 1952 aut
798 1878 888 1950 nihil
897 1878 943 1950 ab
958 1878 1169 1976 exemplari-

165 1991 234 2064 bus
253 1994 326 2064 suis
346 1994 554 2082 immutare,
567 2006 629 2064 aut
641 1992 806 2090 quaedam
814 1991 1026 2064 contrahere
1037 2007 1073 2064 et
1082 2017 1169 2064 con·

166 2108 286 2182 tractis
302 2107 494 2206 saepissime
513 2105 768 2180 obscuritatem
788 2107 915 2178 afferre
938 2107 1169 2203 nativamque

163 2237 389 2296 venustatem
404 2221 561 2319 eripere,
586 2237 648 2294 aut
680 2223 857 2294 rarissime
880 2243 976 2291 nova
994 2217 1113 2317 aliqua
1132 2233 1170 2292 et

164 2337 352 2408 immutate
361 2348 400 2405 et
412 2333 520 2405 etiam
539 2334 718 2406 contraria
732 2357 796 2406 seu
806 2331 968 2404 Ciceroni
983 2357 1047 2404 seu
1058 2331 1169 2419 Quin·

164 2444 288 2519 tiliano
313 2467 512 2542 opponere.
542 2448 614 2515 Nos
629 2443 794 2541 quidem,
818 2444 856 2514 in
870 2466 913 2514 ea
928 2441 1177 2542 expendendo·

163 2583 244 2658 quae
271 2557 317 2630 ab
341 2555 520 2631 ambobus
539 2558 662 2630 Victor
678 2557 894 2655 desumpsit,
923 2557 1017 2630 hauc
1041 2557 1078 2630 in
1095 2570 1169 2630 tres

164 2687 283 2772 partes
307 2673 357 2744 ita
379 2686 462 2743 ante
479 2670 604 2744 oeulos
631 2669 845 2742 habebimus
872 2670 1109 2760 divisionem,
1127 2682 1169 2742 ut

164 2791 321 2890 primum
364 2790 543 2886 praecipua
583 2786 793 2884 colligamus
830 2811 910 2885 quae
940 2786 988 2858 ad
1015 2785 1169 2860 verbum

165 2900 355 2994 transtuiit,
375 2900 951 2997 deindedeiilisdisseramusquae
964 2896 1173 2972 obscuravit

166 3032 201 3089 et
225 3017 350 3088 innato
376 3013 538 3112 quodam
561 3015 659 3112 apud
676 3015 895 3113 primigenus
912 3013 1103 3110 scriptores
1114 3013 1166 3085 le·

164 3151 253 3229 pore
270 3128 431 3217 nudavit,
451 3126 608 3226 denique
624 3143 744 3201 autem
756 3129 803 3200 de
816 3127 923 3198 rebus
943 3126 1167 3225 disputemus

164 3267 253 3342 quas
281 3254 343 3314 aut
366 3241 569 3312 immutavit
593 3255 655 3312 aut
681 3241 877 3312 contrarias
916 3235 1173 3335 magistrorum

164 3373 312 3430 suorum
326 3355 509 3454 praeceptis
519 3353 665 3450 objecit.

171 3502 179 3512 ·
212 3474 428 3566 Quanquam
454 3466 543 3565 quid
567 3465 694 3538 attinet
713 3481 841 3538 uincta
867 3465 995 3540 sedulo
1019 3488 1168 3560 congre-

165 3607 247 3681 gare
264 3605 342 3678 quae
359 3605 378 3652 a
395 3581 568 3652 Cicerone
590 3591 625 3650 et
639 3577 749 3648 Fabio
766 3579 967 3675 composita
984 3577 1021 3647 in
1042 3575 1170 3648 {theto-²

164 3695 261 3768 rieen
272 3718 374 3766 suam
385 3689 687 3765 contulitVictorP
706 3690 856 3762 Abunde
867 3691 1029 3790 profecto
1044 3690 1167 3788 prirnae

165 3805 271 3882 trium
287 3807 506 3880 divisionum
524 3807 615 3904 parti
639 3806 750 3878 modo
768 3801 1028 3904 descriptarum
1048 3795 1170 3900 superi

166 3948 236 4022 que
250 3921 536 4011 satisfecerimuS,
547 3922 577 3992 si
590 3921 796 4018 summatim
811 3917 1168 4018 praenuntiaverimus

166 4051 294 4108 cuncta
316 4034 389 4106 iere
409 4035 562 4107 rhetoris
578 4035 712 4132 capita,
727 4033 804 4136 jam
820 4032 905 4104 inde
926 4027 1167 4110 acommuoi·

165 4147 231 4220 bus
245 4162 539 4245 argumentorum
552 4145 639 4219 locis
653 4145 826 4244 usquead
839 4147 961 4248 ipsum
973 4167 1074 4244 pute
1086 4164 1170 4239 ope·¹
