2880 5058
526 397 750 470 -lll'n

133 547 331 623 imminutae
351 544 564 644 eloquentiae
587 544 710 644 culpas
732 546 923 620 insectatus
944 549 1006 641 sit,
1023 573 1135 648 quum
1206 605 1208 612 .

133 659 213 759 quis
248 681 372 732 secum
404 652 629 745 recordatur,
662 679 699 726 rv
732 671 769 727 et
797 681 820 726 v
852 658 959 730 etiam
986 661 1133 749 saeculo,

133 797 208 872 quo
237 767 396 866 undique
425 765 568 840 barbari
594 771 794 842 Romanum
823 771 1013 869 imperium
1038 773 1138 844 inva-

133 885 260 958 derent
284 908 327 955 ac
353 896 493 981 tempus
517 905 594 953 esse
620 880 801 954 videretur
827 882 873 954 de
903 884 1001 955 seriis
1031 882 1137 956 rebus

134 998 333 1096 cogitandi,
352 1019 480 1069 omncs
495 995 662 1094 ineptias,
681 1020 810 1067 omnes
825 996 996 1093 argutias,
1010 1021 1138 1070 omnes
1217 1060 1221 1068 .

133 1111 391 1212 captiunculas,
405 1133 532 1182 omues
547 1107 829 1182 futilissimorum
847 1110 1010 1209 leporum
1025 1109 1138 1182 subti-

132 1228 262 1319 litates,
281 1248 407 1296 omnes
423 1225 529 1296 etiam
547 1223 583 1294 in
600 1223 788 1295 sentiendo
806 1223 1085 1322 eloquendoque
1103 1240 1141 1298 et

133 1337 340 1428 scribendo,
353 1352 428 1408 tum
443 1333 758 1426 declamationum,
773 1350 852 1408 turn
863 1336 1136 1428 versiculorum,

133 1469 212 1549 tum
244 1452 407 1524 omnium
435 1449 573 1547 generis
600 1450 850 1522 recitationum
876 1450 1136 1542 immanitates,

133 1591 210 1640 non
228 1566 345 1636 minus
362 1587 470 1661 quam
488 1564 704 1633 Senecarum
718 1576 752 1633 et
771 1561 1139 1650 Pseudo-Quintiliani

133 1677 374 1776 temporibus,
392 1675 498 1748 luisse
514 1675 658 1746 usitatas
670 1689 704 1746 et
719 1673 915 1748 celebratas
932 1689 968 1747 et
984 1676 1141 1748 incredi-

131 1789 199 1863 bili
212 1790 372 1888 quodam
390 1788 509 1862 studio
530 1787 719 1860 allectatas.
733 1788 842 1875 Quod
855 1787 1003 1885 quidem
1025 1789 1061 1859 in
1088 1787 1140 1860 ul·

133 1905 235 1996 tima,
255 1919 290 1976 et
301 1905 488 1977 confestim
505 1927 526 1974 a
542 1901 648 1974 nobis
662 1900 887 1999 explicanda,
918 1903 1140 1999 generalium

134 2034 338 2092 nostrarum
347 2016 620 2090 conclusionum
634 2029 755 2114 parte,
770 2029 961 2113 antequam
974 2014 1020 2088 ad
1032 2040 1141 2111 quar·

135 2146 209 2204 tam
235 2111 503 2228 extremamque
526 2129 635 2200 totius
655 2128 769 2199 nostri
793 2129 912 2225 operis
935 2128 1141 2226 portionem

137 2233 398 2344 perveniamus,
408 2241 895 2340 verissimumesseexemplis
905 2241 1137 2340 reperiemus.

184 2361 265 2444 Qua
281 2358 319 2428 in
335 2357 437 2429 tertia
456 2371 567 2456 parte,
587 2359 627 2427 C.
647 2358 678 2426 J.
699 2357 822 2426 Victor
839 2379 860 2426 a
877 2353 994 2444 nobis,
1011 2355 1084 2427 sive
1102 2355 1141 2430 iu

136 2471 249 2562 viliis,
270 2470 396 2542 sivein
414 2467 603 2541 virtutibus
621 2469 712 2556 suis,
726 2468 868 2540 ostendi
881 2467 1012 2541 debere
1025 2469 1141 2542 dictus

135 2599 208 2674 est,
229 2609 294 2655 cur
310 2599 346 2656 et
362 2581 549 2680 quomodo
563 2580 782 2655 Gallicorum
794 2583 980 2668 rhetorum
991 2583 1141 2681 ingeniis

135 2721 368 2769 communem
386 2695 578 2794 quemdam
598 2719 765 2795 saporem
782 2693 944 2768 redolere
962 2694 1139 2786 videatur,

136 2824 244 2908 atque
270 2811 417 2908 insuper
442 2834 480 2881 ιν
507 2807 624 2882 saeculi
654 2833 731 2880 esse
758 2808 989 2881 scholasticus
1012 2809 1139 2884 homo.

138 2923 246 3010 Quod
275 2938 314 2995 ut
339 2922 446 3022 plane
470 2937 505 2995 et
530 2921 723 2994 commode
746 2921 827 3004 frat,
847 2922 1010 3020 quaedam
1034 2922 1141 2995 nobis

136 3035 183 3108 de
192 3037 332 3116 ratione
345 3038 382 3108 in
395 3035 516 3108 Galliis
527 3034 713 3108 rhetorioae
723 3035 805 3106 artis
818 3034 967 3123 edoctae,
978 3033 1144 3133 quaedam

136 3148 185 3221 de
202 3151 388 3249 praecipuis
402 3150 499 3248 apud
515 3148 637 3222 Gallos
654 3149 866 3246 eloquentiae
882 3147 1144 3246 professoribus

136 3264 412 3362 praenuntianda
439 3277 539 3352 sunt,
573 3277 613 3336 ut
641 3262 727 3335 inde
759 3263 941 3358 generales
969 3261 1144 3360 quasdam

135 3389 244 3446 notas
278 3375 485 3470 dignoscere
507 3373 627 3463 liceat,
653 3372 784 3470 quibus
806 3372 843 3444 in
868 3397 980 3444 unum
1005 3369 1147 3444 collatis·

137 3492 178 3560 C.
206 3493 237 3560 l.
266 3490 416 3564 Victoris
441 3487 624 3584 ingenium
651 3487 902 3592 rationemque
933 3509 1144 3582 comparare

137 3602 331 3700 possimus.
352 3606 432 3674 Nou
449 3625 526 3674 rem
540 3598 687 3698 quidem
703 3623 725 3670 a
741 3597 919 3697 principio
937 3597 1041 3670 altius
1054 3585 1144 3678 ditc-

139 3729 212 3788 tam
230 3715 526 3814 complectemur,
538 3738 657 3812 neque
671 3713 756 3785 iude
773 3737 794 3784 a
811 3712 962 3785 Victoris
978 3725 1080 3784 aetate
1095 3711 1143 3790 ad

138 3829 239 3901 Lucii
262 3826 356 3900 illius
383 3827 487 3903 Plotii
511 3828 665 3902 rhetoris
689 3825 833 3917 Gallici,
859 3825 940 3923 qui,
969 3826 1143 3898 Suetonio

138 3956 286 4015 auctore
299 3947 321 4033 ¹,
339 3942 483 4040 aequalis
501 3945 549 4014 Μ.
575 3940 688 4013 Tullio
705 3939 789 4033 luit,
806 3938 992 4012 historiam
1016 3938 1144 4012 ordine

180 4195 211 4252 l.
236 4193 354 4254 Sueton.
369 4196 414 4250 De
426 4192 511 4248 claris
524 4191 642 4266 rhetor„
656 4191 696 4248 11.
