2880 5058
688 399 738 414 -
764 359 835 434 118
860 397 909 412 -

294 527 332 586 et
345 513 402 586 via
419 511 527 584 totius
536 508 634 608 apud
646 509 768 582 Gallos
783 507 969 582 rhetoricae
983 504 1177 606 discipline
1193 529 1304 605 repe-

294 640 422 698 temus.
437 628 515 698 Non
530 622 632 720 quod
645 647 711 694 nos
726 621 835 718 fugiat
846 645 922 694 rem
938 645 959 692 a
974 620 1099 718 primis
1116 617 1226 691 initiis
1242 643 1305 692 or·
1420 629 1421 642 ¹

246 823 251 834 1
293 753 381 827 tam,
398 753 432 810 et
445 761 490 808 ex
502 739 738 828 Senecarum,
755 732 922 820 Petronii,
938 732 1161 824 Quintiliani,
1173 733 1302 826 Taciti,

294 849 415 938 Plinii,
438 848 599 922 Suetonii
618 863 891 944 ceterorumque
914 844 1153 944 plurimorum
1170 861 1303 918 aucto-

293 987 375 1036 rum
387 961 853 1050 sontimsderivuam,eam
862 985 1025 1058 esseque
1034 957 1201 1059 predere
1213 983 1304 1037 con·¹

292 1073 396 1167 lecta,
411 1074 728 1148 multurnutilitatis
733 1067 1036 1170 jucunditatisque
1046 1070 1302 1168 legentibusaf-
1421 1093 1423 1122 ³

293 1185 414 1263 lerret.
426 1187 496 1260 Sed
507 1185 595 1260 milri
607 1211 681 1260 non
697 1185 859 1258 oblivisci
868 1184 948 1258 licet
964 1209 1039 1258 nou
1051 1181 1110 1256 hic
1121 1184 1220 1258 aliud
1228 1185 1299 1284 agi,
1422 1199 1423 1260 g

292 1298 359 1375 nisi
372 1315 430 1392 ut,
444 1323 508 1402 per
518 1298 642 1398 aliqua
652 1298 856 1372 summatim
868 1297 913 1370 de
924 1295 1114 1371 Gallicanae
1128 1295 1301 1372 facundiae
1422 1363 1423 1390 ,

292 1408 440 1486 historia
458 1427 675 1504 memorata,
694 1410 824 1485 melius
841 1410 925 1484 inde
942 1413 983 1484 C.
1002 1415 1033 1482 l.
1055 1411 1207 1484 Victoris
1221 1425 1301 1486 tum
1422 1393 1423 1482 l

293 1525 490 1626 ingenium,
501 1541 578 1598 turn
591 1524 806 1624 opusculum
818 1524 1118 1624 aestimaripossit.
1135 1525 1298 1621 Erigitur
1422 1619 1423 1626 ἵ

293 1641 578 1740 pretermittam,
601 1663 681 1736 quae
704 1637 751 1710 de
768 1637 955 1712 Gallorum
979 1635 1073 1710 facili
1097 1637 1301 1736 eloquentia
1422 1733 1423 1744 ἶ

293 1769 432 1826 veteres
458 1753 644 1846 dixerunt,
670 1774 712 1824 se
732 1748 874 1822 celebre
897 1747 1130 1822 solummodo
1151 1749 1312 1824 Ceusomi
1422 1745 1423 1836 l

293 1865 439 1938 Catonis
466 1864 603 1938 dictum
621 1877 804 1964 repetam,
829 1887 922 1960 qun,
945 1861 1105 1936 Clrarisio
1130 1875 1302 1956 auctore,

293 1975 502 2080 pleramque
528 1979 679 2052 Galliam
697 1977 787 2052 duas
805 2000 862 2048 res
878 1975 1193 2050 industriosissime
1215 2000 1302 2048 con·

293 2092 408 2191 sequi,
435 2117 511 2164 rem
535 2092 728 2169 militarem
745 2103 781 2164 et
802 2103 924 2186 argute
942 2087 1062 2188 loqui,
1082 2087 1298 2188 predicavit.
1422 2091 1423 2110 ³

294 2204 421 2280 Itidem
439 2201 595 2278 Gallicos
615 2203 696 2278 illos
721 2217 881 2274 oratores
906 2225 948 2274 ec
969 2199 1129 2274 rhetores
1155 2216 1301 2300 praeter-

296 2319 456 2412 mittam,
493 2320 585 2390 inter
618 2342 711 2416 quos
745 2314 1080 2415 praesertimlulius
1112 2314 1236 2388 Florus
1268 2327 1302 2388 et

294 2430 407 2502 lulius
439 2428 626 2502 Secundus
661 2442 697 2501 et
723 2428 902 2503 Domitius
932 2425 1013 2502 Aser
1038 2427 1303 2502 annumerandi

295 2556 396 2633 sunt,
426 2556 463 2616 et
498 2544 584 2642 qui,
612 2542 696 2616 inde
730 2541 776 2615 ab
804 2543 950 2640 Augusti
976 2540 1221 2642 temporibus,
1253 2542 1300 2614 itu

296 2679 438 2756 semper
455 2647 576 2730 llomae
591 2669 628 2728 et
643 2657 681 2728 in
701 2655 894 2756 provinciis
913 2656 1163 2743 eminuerunt,
1182 2670 1223 2728 ut
1242 2679 1300 2730 eos

295 2769 399 2844 multi
418 2772 571 2847 Romani
594 2769 805 2869 scriptores¹
828 2769 929 2842 omni
954 2768 1104 2843 laudum
1126 2769 1301 2868 praedica-

297 2883 395 2982 tione
412 2884 613 2974 extulerint,
632 2897 739 2982 atque
755 2882 936 2956 luvenalis
952 2883 1156 2982 scripserit:

341 3075 444 3144 Gallia
460 3077 635 3142 causidicos
650 3075 760 3142 docuit
775 3073 912 3142 facunda
928 3077 1095 3142 Britannos
1105 3073 1133 3142 ².

344 3267 504 3340 Marcum
523 3261 625 3337 illum
649 3270 805 3364 Aprum,
828 3267 905 3364 qui,
924 3266 963 3337 in
985 3264 1223 3338 celeberrimo
1250 3269 1301 3340 De

294 3381 409 3454 euusis
422 3393 601 3478 corruptus
614 3378 826 3477 eloquentiae
842 3379 1000 3476 dialogo,
1014 3377 1124 3452 libere
1139 3403 1178 3450 se
1190 3377 1303 3477 profi·

294 3507 390 3568 tetur
407 3517 542 3566 novum
561 3493 705 3566 dicendi
723 3517 835 3590 genus
851 3495 1000 3590 antiquo
1018 3515 1247 3592 preponere,
1266 3505 1302 3564 et

294 3581 393 3706 quie
409 3606 531 3680 Galliis
543 3607 718 3681 oriundus
735 3606 842 3680 luisse
852 3605 1015 3697 traditur,
1025 3603 1145 3678 obiter
1156 3627 1301 3704 quoque
1421 3593 1422 3598 ¹

295 3720 548 3793 nniummodo
579 3719 875 3798 memorabimus.
901 3721 1073 3808 Quinimo
1113 3733 1301 3818 sequentes

295 3841 421 3904 omnes
443 3853 556 3929 usque
579 3831 625 3904 ad
644 3854 679 3903 nr
709 3833 878 3904 saemlum
904 3825 1091 3906 Gallorum
1117 3846 1301 3904 oratorum

333 4049 365 4109 1.
389 4046 510 4118 Senem,
526 4042 666 4118 Quintil„
679 4047 765 4121 Tae,
779 4043 854 4104 Plin.
870 4049 954 4122 lun,
969 4059 1038 4120 etc„
1057 4045 1175 4128 passim.

335 4143 368 4204 2.
394 4137 529 4199 Juvenal.
543 4141 619 4212 Sat,
638 4157 696 4214 xv,
713 4143 784 4202 lll.
907 4205 909 4212 ,
