2866 5056
689 377 887 450 ..3⁶-

153 599 158 611 .
282 531 373 604 ratio
404 527 647 627 excepissen13
682 540 744 598 aut
772 523 1032 626 pronuntiandi
1061 527 1289 602 consuetudo

281 642 453 748 paulatim
481 654 563 740 post
596 637 856 727 Quintilianum
884 637 952 710 sub
987 652 1136 712 externo
1169 640 1291 714 Galliae

282 755 373 830 coelo
388 755 574 826 immutata
583 765 671 843 erat,
687 751 724 822 in
741 776 783 824 ea
799 752 946 847 regione
959 752 1061 848 cujus
1076 753 1163 825 olim
1175 769 1291 853 poetae

282 866 409 953 sedulo
422 863 669 939 acarminibus
683 865 755 936 suis
770 864 931 937 hiulcum
945 889 1092 938 omnem
1108 868 1291 940 vocalium

282 1004 499 1052 concursum
520 991 621 1050 erant
639 976 804 1068 vitaturi3
835 994 898 1048 aut
918 975 1083 1075 deniquo
1096 978 1292 1054 immodica

281 1088 341 1162 illa
363 1110 448 1185 erga
464 1085 588 1172 solutae
610 1086 783 1183 orationis
804 1084 1000 1158 dictionem
1024 1088 1209 1160 severitate
1233 1088 1290 1159 in-

282 1200 412 1274 ductus
437 1213 489 1271 est
515 1199 654 1292 Victor,
679 1221 752 1294 qua
776 1212 859 1298 post
889 1199 1075 1295 Virgilium
1102 1223 1216 1298 usque
1244 1201 1291 1274 ad

282 1312 469 1385 Claudiani
481 1325 631 1403 aetatem,
649 1335 776 1382 omnes
789 1335 906 1410 prope
920 1327 1035 1411 poetae
1050 1313 1195 1414 impulsi
1208 1329 1291 1391 sunt
1360 1313 1362 1318 ’

282 1440 322 1496 ut
347 1424 523 1522 rigidius,
550 1447 660 1521 quarn
691 1423 768 1524 ipsc
795 1426 922 1512 Maro,
946 1423 1142 1498 hexametri
1167 1449 1292 1499 versus

282 1537 479 1637 compedes
492 1536 669 1635 quosdam
680 1552 863 1610 servarent
877 1553 912 1610 et
928 1540 1107 1612 vocalium
1117 1541 1153 1613 in
1167 1540 1291 1640 primis

282 1650 448 1724 elisiones
464 1650 674 1746 effugerent.

222 1746 237 1768 ”
331 1768 575 1860 Quaecumque
598 1788 683 1836 vero
701 1766 793 1837 ratio
821 1765 990 1839 adversus
1012 1765 1117 1837 Tullii
1137 1767 1292 1841 ¹auctori-

282 1890 392 1950 tatem
409 1875 587 1949 Gallicum
601 1892 767 1950 nostrum
783 1879 964 1952 rhetorem
979 1881 1209 1978 persuaserit,
1230 1879 1289 1952 Ci-

162 2060 167 2069 .
282 2015 451 2064 ceronem
462 1991 691 2064 manifestum
704 2007 757 2063 est
768 1993 881 2090 magis
895 1993 1038 2082 intimo,
1050 1992 1146 2065 utita
1155 1991 1287 2082 dicam,

282 2108 394 2179 animi
410 2131 518 2178 sensu
532 2105 710 2177 divinasse
726 2129 818 2202 quae,
840 2106 931 2177 sicut
946 2104 1050 2178 Attici
1062 2104 1159 2204 apud
1176 2105 1291 2178 Plato·

203 2235 205 2240 '
233 2249 239 2264 ³
282 2247 387 2314 nem,
402 2223 464 2314 ita,
479 2222 516 2292 in
533 2219 662 2292 humili
679 2218 824 2291 dicendi
833 2243 974 2315 genere,
989 2219 1102 2291 latini
1114 2219 1291 2294 sermonis

282 2335 465 2433 negligens
475 2333 660 2432 elegantia,
672 2346 707 2405 et
717 2331 913 2406 verborum
923 2331 1293 2432 inaffectatapronuu·

284 2449 384 2521 tiatio
401 2449 613 2546 requireret.
663 2463 688 2500 -'

332 2560 403 2633 Sed
418 2576 457 2632 ut
464 2562 538 2657 jam
553 2560 730 2659 posterius
742 2560 780 2633 id
790 2561 995 2660 exemplum
1006 2562 1236 2657 attingamus,
1253 2563 1291 2634 in

284 2696 358 2771 quo
370 2673 511 2746 diversa
525 2672 630 2744 Tullii
641 2687 677 2745 et
691 2673 903 2762 Quintiliani
916 2675 1101 2773 praeceptis
1110 2674 1292 2773 professus

225 2876 230 2890 1
284 2799 338 2860 est
347 2788 483 2877 Victor,
500 2811 566 2858 nec
580 2787 770 2876 solum-iis,
783 2786 846 2859 sed
856 2787 1034 2886 plerisque
1047 2801 1110 2859 aut
1123 2785 1292 2858 omnibus

283 2898 382 3000 apud
401 2901 569 2998 antiquos
590 2899 794 2972 rhetoribus
811 2899 963 2990 obstitit,
984 2900 1031 2972 ad
1048 2925 1091 2973 ea
1108 2899 1293 2972 veniamus

285 3037 364 3111 quae
380 3011 587 3085 brevissime
601 3012 647 3084 de
664 3014 856 3084 memoria¹
876 3013 1082 3114 disputavit.
1102 3018 1141 3084 ln
1162 3012 1293 3110 quibus

285 3125 575 3226 quamprimum
593 3124 802 3197 thesaurum
826 3127 989 3199 omnium
1010 3151 1130 3200 rerum
1156 3145 1295 3198 merno-

284 3237 376 3310 riam
393 3262 470 3310 esse
493 3235 672 3328 definivit,
687 3237 763 3310 haec
780 3237 912 3311 deinde
929 3238 1070 3336 adjicit:
1095 3267 1112 3309 n
1130 3238 1181 3312 Ad
1198 3238 1294 3311 hanc

286 3352 521 3426 obtinendam
532 3351 678 3426 tradunt
691 3347 852 3453 plerique
865 3354 1030 3427 locorum
1043 3368 1078 3425 et
1089 3351 1295 3426 simulacro-

286 3491 366 3540 rum
388 3464 563 3564 quasdam
581 3466 864 3558 observationes,
880 3493 959 3565 quae
975 3465 1063 3538 mihi
1081 3489 1156 3538 non
1170 3464 1296 3538 viden·

287 3594 345 3653 tur
374 3579 508 3652 habere
541 3579 761 3653 ellectum.»
797 3585 916 3653 Artem
945 3604 1026 3654 eam
1057 3579 1241 3653 memoriae
1273 3590 1296 3652 a

287 3692 473 3766 Simonide
488 3694 688 3784 inventore,
708 3709 747 3766 ut
764 3694 864 3766 aiunt
882 3691 998 3782 multi,
1019 3692 1229 3792 prolectam,
1248 3689 1296 3766 de

287 3833 359 3906 qua
371 3807 459 3878 nihil
469 3809 505 3878 in
518 3807 716 3880 Rhetoricis
728 3808 931 3882 Aristoteles
941 3805 1099 3895 tradidit,
1111 3804 1172 3877 sed
1184 3828 1295 3901 quam

288 3936 475 4020 tantopere
492 3921 760 3996 commendavit
778 3922 935 3996 incertus
954 3920 1229 3994 Rhetoricomm
1247 3915 1295 3990 ad

331 4173 360 4234 l.
380 4171 413 4232 C.
432 4173 460 4230 J.
484 4169 573 4246 Vict,
593 4189 657 4251 cap.
674 4189 761 4230 xxm.
