2880 5058
682 409 902 484 -150-

291 551 491 626 christianae
503 551 715 650 eloquentiae
727 577 809 626 acer
823 566 858 626 et
869 550 1011 624 vividus
1022 552 1168 654 spiritus
1182 551 1295 648 igneo

290 667 422 738 mentis
434 682 469 739 et
484 667 640 766 impetus
651 667 886 764 adjuncturus
897 665 1031 754 luisset,
1047 665 1161 736 sinon
1180 665 1218 734 in
1231 689 1296 762 pa·

291 804 384 878 gano
402 805 524 852 errore
538 780 717 876 punisset.
737 779 931 875 Ceteroqui
947 791 1074 875 praeter
1098 777 1297 852 laudandas

291 894 445 965 Victoris
472 881 610 990 aliquot
624 907 662 964 et
677 894 879 966 verissimas
897 892 1063 982 virtutes,
1080 890 1173 962 illius
1188 893 1297 964 etiam

291 1007 377 1079 vitia
391 1006 486 1078 utilia
499 1006 741 1080 essearbitrati
754 1031 877 1078 sumus
887 1019 925 1076 ut
935 1004 1043 1102 paulo
1053 1002 1180 1074 melius
1190 1002 1298 1100 hujus

291 1135 373 1194 aetas
395 1119 676 1216 dignosceretur.
695 1119 854 1190 Tandem
876 1116 1071 1190 commoda
1092 1115 1160 1188 alia
1182 1139 1298 1213 panca

292 1234 471 1334 persecuti
487 1259 624 1322 sumus,
648 1259 727 1330 quae
741 1259 784 1305 ex
806 1231 959 1304 rhetoris
983 1231 1096 1302 nostri
1115 1229 1207 1300 libro
1233 1230 1299 1302 du·

280 1346 408 1420 'aenda
425 1363 555 1437 essent,
568 1363 602 1418 et
613 1348 788 1418 continuo
803 1347 848 1418 ad
863 1345 1083 1444 praecipuam
1097 1343 1192 1416 illius
1212 1344 1300 1417 Rhe·
1421 1439 1422 1444 ἵ

264 1552 272 1563 .
291 1462 422 1534 torices
435 1464 709 1560 praeceptionem
724 1461 953 1551 devenimus,
974 1483 1082 1556 quam
1099 1456 1145 1530 ad
1159 1481 1298 1530 sermo·
1421 1451 1422 1484 r

292 1575 512 1648 cinationem
530 1592 566 1648 et
583 1576 750 1674 epistolas
771 1575 951 1673 pertinere
972 1573 1148 1660 diximus,
1166 1586 1204 1642 et
1222 1594 1300 1669 quae
1421 1559 1422 1564 ἵ

291 1687 419 1778 fusius,
434 1703 690 1783 quam-cetera,
710 1714 731 1759 a
748 1689 855 1760 nobis
873 1686 1064 1784 explicata,
1084 1686 1228 1758 tertiam
1246 1700 1300 1758 to-

293 1800 363 1872 tius
375 1800 488 1871 nostri
506 1801 669 1898 opusculi
681 1817 820 1898 partem
832 1858 842 1893 ,
854 1825 936 1872 cum
952 1798 1177 1896 generalibus
1187 1799 1300 1872 tribus
1421 1831 1422 1850 ¹

292 1914 568 2011 insequentibus
581 1915 874 1988 conclusionibus
887 1915 1014 1987 ellecit.

340 2029 521 2100 Victorem
545 2051 779 2126 quaecumque
804 2028 849 2102 de
875 2026 1175 2100 sermocinatione
1198 2025 1300 2099 etde
1421 2039 1422 2046 ’

293 2142 453 2243 epistolis
468 2142 659 2240 scripserit,
672 2142 719 2214 ab
731 2144 854 2238 ignoto
872 2141 976 2212 nobis
993 2139 1137 2212 rhetore
1150 2139 1197 2210 ad
1216 2165 1300 2214 rer-

292 2257 380 2330 bum
410 2257 672 2355 transcripsisse
703 2256 867 2344 forsitan,
896 2255 1063 2326 diximus.
1097 2257 1300 2350 Utcumque

293 2393 381 2442 vero
400 2367 445 2438 de
457 2368 516 2438 illa
534 2393 573 2440 re
591 2370 755 2442 homines
772 2370 940 2460 sentiant,
956 2379 1080 2439 tamen
1100 2379 1243 2436 constat
1260 2390 1301 2438 ex

294 2479 473 2554 veteribus
490 2482 629 2552 cunctis
645 2483 878 2580 scriptoribus
892 2481 1046 2579 plurima
1062 2477 1143 2550 loca
1158 2479 1301 2577 excerpi

295 2618 414 2694 posse,
430 2594 502 2664 sive
515 2594 613 2692 apud
628 2600 786 2688 Graecos,
801 2597 874 2668 sive
885 2593 982 2692 apud
993 2594 1151 2685 lsatinos,
1165 2617 1246 2690 quae
1257 2591 1301 2665 ad
1421 2675 1422 2688 ,

294 2707 505 2780 ultimorum
539 2707 696 2781 duorum
726 2711 879 2782 Victoris
911 2707 1106 2780 rhetorices
1143 2706 1302 2802 capitum
1421 2699 1422 2746 ³

294 2821 481 2894 materiam
495 2820 704 2894 reserantur.
724 2824 848 2896 Cicero
866 2821 1091 2921 peculiariter
1105 2843 1147 2890 ac
1164 2819 1303 2906 Quinti-
1322 2815 1332 2830 ⁸
1421 2847 1422 2918 r

293 2933 578 3030 lianusinspersa
591 2937 755 3032 quaedam
772 2953 806 3008 et
816 2936 916 3008 facile
928 2932 1127 3030 colligenda
1137 2930 1183 3004 de
1195 2932 1303 3004 rebus
1421 2963 1422 2966 ¹

296 3046 341 3116 iis
366 3045 541 3155 praebent,
561 3071 641 3143 quae
662 3049 709 3120 ad
736 3049 1074 3120 sermocinationem
1100 3044 1300 3142 pertinent,
1421 3051 1422 3142 ᾖ

297 3171 332 3228 et
350 3181 438 3253 quas
458 3156 647 3230 rhetorum
666 3161 849 3259 praeceptis
879 3185 954 3232 non
984 3159 1090 3230 fixisse
1114 3158 1302 3229 instructas

294 3269 427 3340 Tullius
459 3286 675 3367 conquestus
703 3288 767 3344 est.
803 3276 929 3370 Magna
959 3273 1058 3361 item,
1094 3268 1302 3358 Quintiliani

295 3397 472 3481 ternpore,
489 3385 777 3458 sermocinationi
794 3387 903 3458 etiam
916 3386 953 3456 in
970 3383 1175 3482 eloquentia
1191 3384 1302 3454 virtus
1421 3423 1422 3432 κ

293 3520 339 3570 stc
357 3493 512 3592 dignitas
528 3498 701 3594 assignata
721 3514 808 3572 erat.

346 3607 427 3674 Haec
446 3603 492 3675 de
515 3604 657 3678 duobus
684 3607 849 3678 extremis
867 3608 907 3677 C.
927 3603 1009 3676 Julii
1032 3603 1186 3676 Victoris
1210 3604 1303 3703 capi·

297 3713 392 3788 tibus
408 3716 555 3812 praelati,
574 3720 783 3792 vicesimum
800 3721 875 3815 ejus
893 3733 929 3791 et
947 3735 1086 3791 sextum
1105 3718 1151 3789 de
1170 3741 1303 3790 sermo-

298 3827 480 3900 cinatione
499 3846 607 3927 caput
634 3845 750 3904 totum
778 3833 1081 3930 transcripsimus,
1108 3832 1242 3928 inquo
1259 3829 1303 3902 de

298 3939 473 4032 sermonis
493 3954 528 4011 et
544 3967 607 4014 usu
626 3960 661 4016 et
679 3946 795 4042 pretio
812 3961 847 4018 et
861 3944 1050 4018 virtutibus
1066 3959 1127 4016 aut
1144 3945 1251 4034 vitiis,
1270 3956 1303 4014 et

296 4054 496 4128 rationibus
514 4079 592 4151 quae
611 4057 710 4128 illum
729 4061 830 4130 omni
847 4059 1028 4156 elegantiae
1049 4083 1179 4156 genere
1199 4078 1301 4130 exor-

298 4183 386 4242 nent
400 4184 599 4268 ,praecepta
627 4169 782 4244 breviter
803 4172 961 4246 tradidit.
989 4170 1304 4246 sermocinationis
