2866 5056
300 563 429 636 iterum
438 549 712 663 persequentes,
727 559 847 657 aliqua
862 557 909 631 de
919 557 1124 632 rhetoribus
1135 580 1307 656 praenun·

300 675 444 767 tiernus,
463 701 483 747 a
501 665 632 774 quihus
651 674 708 746 vel
721 675 844 748 omnia
856 673 913 745 vel
931 673 1102 772 pleraque
1118 675 1238 773 operis
1251 668 1308 748 snt

300 799 490 887 praecepta,
514 805 582 859 nec
605 785 722 858 solum
744 807 859 879 sensa,
880 785 943 859 sed
969 786 1064 858 dicta
1085 787 1207 879 etiam,
1230 796 1307 860 nott

300 899 411 972 semel
427 922 554 984 eorum
568 899 696 973 ordine
712 899 936 998 perturbato,
955 898 1022 971 sibi
1040 896 1151 971 libere
1168 913 1310 972 mutua·

302 1026 359 1084 tus
377 1015 579 1113 assumpsit.

352 1129 452 1214 Quos
485 1128 577 1198 i'nter
605 1123 870 1223 copiosissimos
894 1123 1038 1197 dicendi
1070 1138 1311 1225 praeceptores

302 1237 359 1333 (ut
372 1237 525 1334 ‘quidem
542 1261 585 1308 ex
599 1236 702 1308 titulo
717 1237 836 1336 operis
852 1235 995 1310 videtur
1007 1239 1043 1310 in
1057 1263 1131 1336 quo
1148 1235 1309 1310 doctiori·

303 1370 443 1422 morum
459 1370 593 1421 nomen
611 1372 722 1421 manu
739 1351 937 1423 recentiore
954 1351 1116 1423 additum
1138 1350 1223 1447 est),
1247 1374 1310 1425 err-⁴

303 1459 414 1561 ceptis
442 1466 490 1534 M.
518 1461 632 1535 Tullio
660 1475 696 1535 et
723 1461 848 1555 Fabio,
874 1461 1066 1561 dequibus
1092 1463 1310 1562 pluradiota

303 1590 388 1648 sunt
400 1589 436 1648 et
447 1576 545 1648 dictu
562 1565 663 1648 facile
675 1589 727 1647 est
740 1599 849 1672 quam
866 1589 906 1646 ut
918 1575 978 1648 hic
992 1577 1179 1674 utriusque
1195 1575 1310 1650 virtu-

301 1701 357 1760 tes
381 1687 576 1762 collaudari
602 1711 746 1761 necesse
771 1688 834 1777 sit,
854 1691 1102 1785 Hermagoras,
1128 1687 1307 1785 Aquilius,

304 1803 598 1896 Marcomannos,
617 1802 783 1874 Tatianus
805 1796 953 1874 indicati
969 1825 990 1874 a
1009 1799 1115 1874 nobis
1134 1800 1309 1895 breviter,

304 1931 413 2013 prout
429 1913 545 2007 decet,
563 1913 858 1988 recensebuntur.

353 2027 536 2117 Quoniam
544 2053 586 2102 ex
596 2031 844 2123 Hermagoreae
855 2024 1026 2100 doctrinae
1037 2017 1312 2125 reliquiis,quas

304 2142 402 2241 apud
418 2142 584 2240 antiquos
596 2141 757 2213 rhetores
766 2140 897 2238 passim
914 2140 1072 2236 recolligi
1085 2141 1122 2211 in
1134 2151 1311 2239 promptu

305 2267 370 2344 est,
394 2255 575 2326 Victorem
594 2266 692 2351 patet
715 2251 801 2323 inde
822 2250 978 2350 plurima
1001 2252 1039 2322 in
1064 2249 1197 2322 lihmm
1217 2273 1311 2348 prae*

304 2380 408 2464 cepta
440 2362 677 2459 transtulisse,
698 2369 925 2461 Hermagorae
958 2387 1093 2437 nomen
1128 2361 1312 2462 paulisper

304 2478 561 2576 relinquemus,
591 2476 637 2551 de
661 2500 735 2577 quo
759 2478 959 2576 longiorem
976 2501 1061 2549 mox
1086 2477 1310 2550 mentionem

304 2589 382 2664 lieri
405 2591 599 2691 oportebit,
626 2605 666 2664 ut
689 2605 827 2663 ceteros
858 2605 929 2664 tres
963 2615 1071 2689 supra
1101 2589 1312 2663 nominatos

305 2701 517 2802 eloquentiae
537 2705 724 2801 magistros
744 2703 862 2776 obiter
883 2705 1173 2803 perstringamus.

353 2820 407 2889 De
425 2817 565 2915 equilio
583 2818 726 2890 rhetore
741 2817 832 2890 nihil
848 2815 920 2890 sere
934 2843 971 2890 se
984 2816 1119 2890 habere
1137 2813 1236 2915 quod
1253 2813 1310 2888 di·

305 2942 363 3000 cat
382 2930 496 3001 Maius
520 2929 723 3026 profitetur,
749 2930 818 3000 nisi
842 2953 879 3000 se
901 2929 1005 3002 valde
1027 2928 1199 3028 suspicari
1222 2927 1310 3001 scri·

304 3039 467 3112 bendum
491 3041 654 3138 Aquilam
668 3045 691 3114 ¹.
715 3071 732 3107 ε(
753 3043 927 3138 Namque,
943 3054 984 3112 ut
1003 3041 1064 3134 ait,
1085 3039 1219 3139 Aquilae
1240 3043 1311 3112 Ro·

304 3153 403 3223 mani
413 3167 525 3225 exstat
534 3166 704 3226 tractatus
713 3153 759 3225 de
770 3153 905 3249 Figuris
918 3152 1116 3224 rhetoricis.
1134 3152 1312 3226 Antonius

304 3265 430 3362 Aquila
448 3265 666 3338 declamator
685 3279 906 3339 memoratur
926 3262 1025 3365 apud
1045 3266 1267 3337 Frontonem
1283 3269 1306 3338 ¹.

303 3377 467 3476 Denique
486 3381 631 3452 Graecus
651 3377 775 3452 rhetor
802 3377 926 3478 Aquila
952 3377 1118 3452 laudatur
1143 3399 1164 3449 a
1186 3365 1310 3451 Philo·

304 3503 415 3563 strato
432 3491 468 3562 in
481 3490 621 3563 Chresti
631 3491 724 3564 Vita.
739 3491 867 3590 Aquilii
878 3517 966 3564 vero
975 3488 1127 3561 rhetoris
1141 3487 1310 3588 quisnam

303 3605 506 3677 meminerit
532 3602 697 3677 nondum
719 3605 899 3703 comperi;
918 3601 1046 3701 Aquilii
1067 3603 1164 3675 enim
1185 3595 1308 3676 Severi

303 3713 370 3786 sub
382 3715 634 3789 Valentiniano
651 3713 813 3816 principe
828 3714 1013 3789 historiam
1028 3729 1205 3788 memorat
1224 3711 1308 3788 Ηίθ-

302 3848 475 3926 ronymus
490 3829 512 3922 ³,
531 3851 607 3900 non
625 3828 755 3929 scripta
771 3827 962 3901 rhetorica.
985 3859 1002 3897 u
1023 3827 1080 3902 Sic
1094 3829 1208 3904 Maius
1224 3848 1308 3928 per·

342 4007 371 4062 l.
391 4003 500 4076 Maius,
515 4007 560 4070 de¹
569 4008 597 4061 V
595 4007 689 4062 istoria
700 4005 864 4078 Rhetorica,
879 4020 937 4062 m
951 4013 981 4064 el
993 4015 1073 4064 mt-
1195 3993 1197 4000 Α

340 4097 371 4154 2.
395 4093 447 4152 Ad
459 4096 580 4165 amicos,
594 4097 625 4165 1,
641 4096 691 4153 to,

340 4191 371 4249 3.
392 4192 438 4247 De
454 4190 516 4247 Vir.
531 4191 589 4263 ill,
605 4207 664 4246 uxr.
