2880 5058
697 398 921 500 ...qe-

308 547 408 644 lieet,
424 563 464 624 ut
479 549 528 621 ait
538 548 651 622 Maius
663 551 685 638 ¹,
702 571 778 620 non
797 571 881 620 eum
896 548 1062 644 Augustei
1075 549 1141 620 aevi
1158 549 1308 648 scripto·

307 665 408 740 ribus
424 660 690 762 comparandus
704 662 769 751 sit,
794 683 836 734 ac
858 661 969 734 nimia
990 661 1155 734 facilioris
1177 663 1311 762 ingenii

308 778 530 876 indulgentia
554 799 681 848 omnes
701 773 876 872 loquendi
894 773 1145 874 scribendique
1168 773 1311 850 delicias

299 909 472 994 ,tempore
504 915 572 962 suo
595 885 790 962 celebratas
814 903 1052 980 consectetur,
1077 888 1311 962 nihilominus

308 1005 423 1077 multo
441 1003 651 1076 uiuidiorem
666 1015 773 1099 atque
790 1001 968 1074 veriorem
988 1002 1309 1094 sermocinationis,

307 1144 373 1192 sua
385 1132 486 1190 aetate
500 1117 634 1189 usitatae
646 1130 680 1186 et
694 1115 911 1214 lepidissime
927 1117 964 1188 in
983 1115 1141 1212 epistolis
1161 1116 1235 1188 suis
1252 1117 1313 1190 ad·

309 1233 509 1322 umbratae,
544 1232 734 1328 imaginem
772 1230 922 1328 posteris
958 1229 1165 1328 reliquerit,
1204 1255 1312 1328 quam

262 1345 264 1350 ’
308 1351 349 1419 C.
368 1351 400 1418 l.
422 1348 557 1418 Victor.
580 1345 646 1416 Hie
667 1345 778 1432 enirn,
799 1367 834 1414 ιν
855 1358 938 1442 post
962 1343 1140 1416 Christum
1163 1343 1310 1433 saeculm

307 1465 345 1534 in
360 1461 677 1562 eopropemodnm
688 1462 792 1533 unice
801 1460 958 1532 intentus
971 1474 1036 1549 est,
1055 1474 1094 1530 ut
1104 1461 1314 1532 Ciceronem

309 1577 413 1648 unice
436 1601 478 1650 ae
502 1574 781 1663 Quintilianum,
806 1599 889 1645 eum
906 1576 1028 1672 paucis
1050 1574 1201 1646 aliorum
1219 1597 1314 1670 quo·

308 1689 474 1762 rumdam
515 1689 744 1786 antiquorum
778 1689 961 1785 praecptis
990 1688 1196 1776 rhetorum,
1229 1686 1314 1758 imi·

309 1801 440 1876 tandos
475 1816 677 1901 proponat,
711 1825 827 1898 neque
859 1800 932 1872 sere
962 1799 1077 1872 ullum
1108 1816 1313 1898 temporum

308 1941 456 1988 suorum
482 1915 710 2014 eloquentiae,
741 1914 985 1988 describendae
1011 1915 1151 2000 saltem,
1182 1915 1212 1986 si
1238 1939 1312 1986 non

308 2029 614 2127 comprobandae,
651 2044 853 2128 respectum
891 2028 958 2100 sihi
993 2029 1216 2102 habendum·
1239 2051 1312 2100 esse

306 2144 509 2216 existimare
525 2142 678 2214 videtur.

359 2262 441 2328 llaec
458 2256 530 2328 fere
543 2271 644 2328 erant
658 2281 737 2352 quae
752 2256 799 2328 de
814 2257 929 2355 prima
946 2256 1006 2328 illa
1021 2282 1063 2328 ex
1081 2256 1194 2328 tribus
1211 2279 1314 2352 argu·
1423 2243 1424 2256 ³

310 2368 1315 2464 mentationibusgeneralibusconclusione,·finemtertiae

290 2475 429 2581 ¹'operis
447 2483 560 2554 nostri
582 2483 672 2579 parti
693 2483 929 2580 imposituris,
950 2483 1158 2556 disserenda
1180 2481 1315 2556 habue-

310 2596 730 2694 ramus.Nttncpr·otinus
742 2596 789 2668 ad
800 2596 1098 2669 secundamreeta
1110 2619 1312 2695 pergamus,

310 2712 346 2782 iu
362 2735 446 2808 qua,
467 2735 575 2809 quem
589 2709 695 2808 plane
710 2710 986 2784 Ciceroniauum
1005 2711 1110 2784 luisse
1128 2712 1221 2782 inter
1236 2709 1314 2782 Gul-

202 2823 208 2834 '
310 2822 398 2894 lieos
431 2821 592 2894 rhetores
624 2822 799 2894 fautorem
837 2826 1137 2910 monstravimus,
1173 2824 1203 2893 is
1233 2823 1313 2894 ideo
1422 2841 1423 2902 l

311 2937 453 3008 ostendi
467 2937 573 3008 debet
591 2938 627 3008 in
646 2961 772 3008 omnes
788 2938 927 3008 eneruis
944 2938 1156 3035 eloquentiae
1178 2961 1317 3008 errores

310 3064 517 3120 constanter
532 3050 693 3121 invectus
709 3070 798 3120 esse.
817 3051 887 3120 Sed
902 3075 1056 3147 quorsus
1073 3050 1133 3121 hic
1156 3063 1317 3146 repetam

312 3185 391 3260 quae
409 3160 509 3232 facile
521 3186 565 3232 eu
584 3185 692 3258 supra
718 3161 842 3232 dietis²
864 3164 901 3232 in
918 3163 1128 3255 sententias,
1149 3164 1186 3234 in
1203 3162 1318 3235 decla·

295 3275 489 3345 -mationes
505 3274 624 3344 nimiis
640 3273 862 3346 audientium
879 3301 920 3348 ac
938 3278 1162 3348 recitantium
1182 3275 1316 3357 deliciis

299 3389 517 3480 affluentes,
539 3388 575 3458 in
598 3389 832 3487 panegyricos
855 3414 1060 3472 sermones,
1081 3405 1115 3461 et
1140 3390 1175 3458 in
1199 3405 1316 3461 cetera

309 3504 435 3582 omnia
469 3501 680 3599 eloquentiae
718 3502 919 3601 depravatae
958 3526 1122 3575 errorum
1153 3501 1317 3604 exempla

312 3618 513 3714 comparari
523 3631 558 3686 et
567 3615 674 3712 objici
686 3617 1084 3714 possuntlDesecunda
1095 3617 1163 3688 hae
1173 3641 1319 3712 genera·
1420 3669 1421 3678 κ

294 3719 304 3746 ⁵
313 3729 401 3801 lium
417 3745 619 3800 nostrarum
631 3729 904 3802 conclusionum
913 3733 1079 3828 portione
1091 3731 1211 3802 dicere
1226 3729 1319 3802 sulli-

313 3844 395 3924 eiet,
422 3843 556 3940 optime,
577 3841 725 3941 intelligi
750 3867 861 3940 quare
876 3847 917 3914 C.
935 3849 964 3915 J.
982 3846 1104 3916 Victor
1133 3859 1205 3915 tam
1235 3869 1320 3916 eon·

297 3994 303 4002 ·
315 3956 421 4030 stanti
436 3955 554 4028 studio
563 3957 1012 4056 omnes-magis·magisque
1023 3960 1200 4054 corru‘ptae
1213 3972 1320 4054 atquc

356 4129 386 4187 l.
409 4124 466 4184 Adi
477 4125 597 4198 Maium,
610 4129 647 4182 de
660 4126 817 4199 Symrnaclr.
834 4135 956 4202 oratore,
973 4146 1004 4206 p.
1018 4145 1066 4184 arx
1077 4137 1105 4184 et
1115 4145 1163 4188 ex,

356 4215 655 4296 2.Videp.41.43,
823 4214 836 4222 *s
886 4215 931 4232 ›·
1003 4219 1025 4240 .-
1092 4219 1125 4246 3„
