2866 5056
545 409 601 460 ..2-
618 371 672 444 ar
697 407 748 432 .-

143 517 510 598 rieminstitutionem
527 513 588 592 ant
606 522 936 598 recentissimorum
952 523 1147 623 eloquendi

142 633 396 730 magistrorum
412 634 601 706 sententiis
621 657 664 708 ec
684 634 836 734 legibus,
856 651 917 710 aut
933 639 1146 738 plerumque

142 748 251 824 etiem
259 745 560 824 declamationum
571 749 686 822 causis
699 774 789 847 quas
799 751 974 826 suasorias
988 753 1146 852 appella·-

142 857 233 937 bant
253 873 290 934 et
306 861 591 953 ,connoversiau
612 861 770 955 relersit,
787 887 863 934 ‚neo
885 864 1004 938 minus
1025 880 1145 941 tamen

141 971 279 1063 idcirco
308 974 684 1070 constanterargutias
701 976 784 1048 istas
799 999 925 1048 omnes
943 1000 985 1048 ac
1002 976 1146 1052 delicias

139 1088 230 1160 novi
240 1087 378 1186 generis
386 1087 431 1160 ab
441 1088 603 1164 oratione
613 1079 755 1187 rep'ulit,
763 1112 917 1186 quarum
926 1091 1146 1188 praecipuum

140 1213 330 1274 auctorem
345 1202 517 1274 Senecam
530 1201 683 1296 graviter
696 1201 927 1300 vituperavit,
946 1203 996 1274 ita
1008 1204 1145 1294 Victor,

141 1314 456 1410 quamvisminori
475 1314 608 1408 ingenii
631 1313 796 1386 facultate
812 1315 998 1412 praeditus,
1026 1315 1147 1389 decla-

141 1425 312 1498 matorias
337 1449 429 1522 saepe
453 1424 588 1509 theses,
613 1424 800 1498 rhetorum
831 1427 995 1498 omnium
1019 1427 1143 1517 instar,

143 1538 307 1636 exempla
332 1538 448 1636 ponit,
471 1551 508 1610 ct
528 1538 684 1611 oratoria
702 1550 878 1636 praecepta
905 1539 1147 1613 recentiorum

145 1650 253 1724 etiam
262 1649 371 1724 Fabio
388 1650 640 1747 magistrorum
650 1650 832 1748 sequitur;
852 1649 915 1722 sed
926 1649 1066 1724 nullum
1080 1676 1147 1724 un.

142 1784 254 1859 quam
270 1787 388 1862 neque
399 1764 435 1834 in
454 1761 690 1855 orationibus,
710 1786 828 1859 neque
844 1762 881 1833 in
893 1761 1051 1859 epistolis
1062 1788 1148 1838 con·

144 1875 354 1970 scribendis,
375 1891 560 1952 auctorem
576 1875 706 1967 aliurn,
730 1877 1022 1973 quam'antiquos
1041 1879 1147 1976 scrip·

146 2003 260 2083 tores,
279 2005 315 2062 et
331 1991 507 2090 imprimis
522 1993 570 2063 M.
589 1989 763 2083 Tullium,
782 1990 959 2062 nominet.
980 1992 1147 2077 notun-

145 2103 271 2178 tiliano
285 2119 405 2178 autem
416 2105 454 2177 in
467 2129 509 2178 ea
520 2129 559 2176 re
571 2105 707 2195 Victor,
719 2119 760 2176 ut
770 2103 1144 2201 vidimus,discrepat,
1200 2126 1203 2131 ·

144 2216 246 2315 quod
257 2218 690 2316 alterplenissimarerum
700 2217 1029 2314 sententiarumque
1042 2219 1148 2314 copia

144 2329 362 2420 exuberans,
377 2344 574 2429 temperata
588 2329 717 2402 excelsi
728 2330 861 2427 ingenii
876 2331 1044 2424 gravitate
1054 2327 1150 2402 antiss

145 2468 301 2540 quorum
323 2443 599 2516 admirationem
619 2469 703 2515 cum
723 2443 900 2541 prudente
916 2466 1000 2538 erga
1016 2451 1147 2514 receu-

145 2555 280 2628 tiorum
295 2556 413 2628 studia
428 2553 648 2652 indulgentia
663 2556 873 2653 conjungen
889 2555 977 2628 alter
993 2580 1093 2647 vero,
1108 2571 1148 2628 ut

147 2671 287 2765 angusti
303 2671 435 2766 ingenii
452 2669 587 2759 homo,
607 2671 645 2742 in
662 2683 814 2766 angusto
830 2668 1023 2740 rhetorices
1040 2693 1148 2740 com·-

146 2783 282 2882 pendio
298 2782 472 2877 inclusus,
487 2783 609 2880 jejuna
623 2796 764 2855 tantum
779 2781 915 2853 exiliter
936 2779 1084 2851 edoceat
1107 2805 1148 2852 ac

147 2895 238 2970 nihil
258 2921 372 2970 causae
392 2895 531 2985 afferat,
550 2920 615 2968 cur
640 2893 864 2994 aliquatenus
889 2894 924 2964 in
948 2893 1149 2964 orationem

147 3007 355 3107 recipienda
376 3008 447 3080 sint
469 3032 549 3105 quae
564 3003 948 3080 suntarecentioribus
965 3004 1152 3077 immutata

147 3136 187 3196 et
203 3109 348 3194 novata.
369 3121 439 3194 Sed
462 3145 506 3193 eo
532 3121 614 3192 loco
632 3119 708 3192 haec
724 3117 814 3190 nihil
829 3117 877 3191 ad
893 3141 983 3190 rem.

168 3277 171 3282 ,
200 3239 244 3306 At
259 3235 369 3324 enim,
398 3235 427 3305 si
448 3249 522 3306 tam
539 3255 661 3304 severa
681 3230 899 3327 antiquitatis
914 3228 1158 3302 admiratione.

148 3347 332 3442 inductus,
347 3348 470 3418 Victor
480 3369 661 3417 novorum
673 3345 836 3416 omnium
846 3343 1063 3440 scriptorum
1077 3354 1151 3412 tur-

149 3457 235 3533 bam
246 3483 269 3530 a
279 3472 539 3559 praeceptorum
551 3455 747 3537 Rhetoricae
760 3454 850 3526 Artis
861 3452 1032 3553 exemplis
1045 3451 1152 3547 longe

150 3571 341 3645 excludere
356 3572 509 3664 videtur,
521 3594 632 3668 quare
649 3594 723 3641 non
742 3568 972 3664 antiquorum
985 3569 1153 3637 Romanae

151 3685 362 3784 eloquentie
372 3685 577 3784 principum
591 3682 747 3756 studium
763 3678 895 3780 pariter
913 3677 1151 3776 amplectitur,

152 3823 226 3897 quo
239 3799 289 3870 illi
302 3802 508 3871 Graecorum
521 3797 655 3870 litteras
669 3821 712 3868 ex
728 3796 807 3894 ipso
819 3793 932 3883 sonte,
947 3792 1152 3892 plenissimo

153 3911 265 3986 veluti
280 3911 426 4002 haustu,
445 3910 678 4000 exundanteS,
697 3933 765 3980 nec
781 3906 996 3979 tenuissimis
1013 3903 1155 4002 quibus·

155 4024 240 4098 dam
259 4027 346 4099 rivis
366 4025 550 4116 deductas,
570 4039 611 4096 ut
629 4021 877 4096 incredibilem
895 4021 1174 4116 restinguerent·

155 4139 264 4232 sitim,
278 4138 345 4212 sibi
354 4137 643 4237 assumpserunt?
659 4136 842 4210 Victorem
862 4133 960 4206 enim
970 4130 1082 4204 libere
1103 4128 1154 4201 fa·
