2866 5056
710 359 907 433 „rg-

301 515 443 588 tionum
453 512 617 584 omnium
627 511 890 602 convenientia,
900 510 1057 609 quasalii
1067 511 1152 584 alias
1164 511 1310 587 dicendi

299 628 459 724 magistri
485 625 533 697 ad
560 626 713 697 oratoris
737 623 898 696 officium
922 626 1306 720 accommodaverunt3

300 739 584 813 animadvertere
598 737 850 813 tantummodo
867 736 1030 839 sufficiat,
1052 753 1308 835 quantascum-

300 878 372 953 que
388 851 585 925 calumnias
598 853 824 945 Hermagorae
838 845 884 920 de
898 835 1074 922 rhetorica
1094 850 1187 944 finis,
1202 857 1308 926 Pseu·

299 967 514 1063 daugustino
527 967 651 1058 teste¹,
670 963 836 1055 subierit,
856 988 939 1035 eum
951 976 1070 1035 tamen
1087 988 1182 1052 esse,
1203 980 1243 1036 ut
1262 967 1308 1040 ad

299 1104 531 1153 communem
547 1079 640 1150 inter
653 1090 789 1148 veteres
808 1076 994 1147 rhetoricae
1007 1077 1194 1174 proposita
1207 1077 1309 1151 intel·
1432 1124 1433 1135 κ

295 1185 431 1291 ligendi
447 1214 593 1264 sensum
606 1189 757 1278 omnino
774 1203 914 1287 aptetur
925 1203 960 1260 et
973 1185 1138 1285 quadret,
1156 1204 1191 1260 ct
1207 1189 1304 1282 i'deo,

296 1317 519 1404 repugnante
534 1303 616 1374 licet
632 1301 842 1390 Quintiliani
860 1303 1085 1396 auctoritate,
1098 1302 1307 1402 aplerisque

297 1418 431 1502 Latinis
451 1414 655 1488 rhetoribus
675 1413 869 1486 libentibus
893 1428 1058 1513 acceptus
1077 1416 1136 1486 sit.
1157 1419 1306 1489 Herma-

297 1553 392 1625 gorae
415 1529 548 1628 pariter
576 1542 695 1599 mente
720 1529 906 1603 instinctus
933 1528 1057 1600 Victor
1075 1552 1118 1600 ac
1138 1544 1308 1627 praeterea

296 1641 517 1714 Aristotelian
525 1641 664 1714 ratione
674 1637 856 1733 inductus,
867 1666 942 1712 non
953 1640 1140 1713 rhetoricae
1154 1641 1239 1714 artis
1252 1643 1306 1715 di·

297 1756 469 1853 gnitatern
493 1755 575 1854 plus
594 1777 697 1853 aequo
719 1753 954 1852 amplificasse
975 1753 1044 1829 sibi
1065 1755 1224 1849 videtur,
1245 1759 1306 1858 qui

297 1894 340 1942 ea
366 1869 512 1941 demum
532 1869 649 1942 civilia
666 1870 810 1966 negotia
836 1869 1054 1962 vocaverit⁸,
1083 1895 1190 1966 ‹rquae
1209 1869 1306 1943 nulla

296 1997 372 2057 arte
400 1983 548 2082 propria
574 1984 825 2074 continentur,
848 1997 889 2055 ut
918 1984 1141 2082 geometricae
1162 1999 1197 2055 et
1225 1995 1305 2058 mri-

295 2097 397 2187 sicae,
431 2109 466 2166 et
492 2109 692 2168 ceterarum
723 2093 931 2191 hujusmodi
962 2095 1207 2189 scientiarum,
1243 2097 1305 2170 sed

295 2233 421 2281 earum
432 2231 555 2279 rerum
569 2221 757 2278 tractatum
769 2207 904 2280 habent
916 2234 996 2306 quae
1012 2207 1247 2308 perficiuntur
1262 2233 1305 2282 ex

296 2322 469 2420 opinione
490 2321 693 2410 communi,
723 2335 784 2392 aut
804 2320 962 2416 legibus,
986 2339 1048 2394 aut
1069 2319 1249 2417 moribus,
1271 2336 1306 2396 et

295 2429 491 2529 dequibus
517 2455 643 2502 ornnes
666 2430 728 2529 qui
751 2431 975 2530 aliquatenus
1002 2432 1221 2506 intellectum
1238 2433 1305 2508 all-

295 2569 405 2642 quem
445 2542 638 2644 recipiunt,
675 2559 711 2617 ct
746 2545 864 2618 dicere
898 2561 933 2618 et
961 2547 1123 2644 judicare
1152 2550 1300 2646 possint.

278 2663 281 2666 ’
295 2661 431 2730 Omnes
443 2659 540 2729 enim
552 2656 624 2729 lere
636 2671 671 2727 et
685 2681 853 2729 accusare
867 2658 978 2730 aliurn
992 2674 1028 2730 et
1045 2683 1197 2757 purgare
1212 2663 1302 2769 seip-

294 2797 353 2845 sos
368 2786 531 2872 possunt,
552 2771 648 2844 etde
666 2795 769 2868 aequo
787 2786 822 2843 et
838 2772 916 2844 utili
934 2771 1115 2871 disputare
1137 2774 1305 2848 ridentur

295 2883 362 2957 sibi
386 2909 504 2984 posse.
531 2882 602 2955 Sed
624 2881 697 2956 hoc
723 2884 780 2956 alii
807 2900 936 2957 natura
963 2897 1103 2958 tantum
1132 2886 1208 2958 sine
1233 2887 1304 2960 ulla

295 2995 545 3068 observatione
559 3011 620 3066 aut
633 2997 885 3068 exercitatione
899 2995 1035 3069 iaciunt
1115 2996 1174 3070 alii
1184 3013 1304 3071 autem

293 3117 361 3180 'usu
394 3123 430 3180 et
463 3107 714 3181 exercitatione
756 3109 914 3182 civilium
951 3135 1073 3182 rerum
1118 3111 1237 3184 utilius
1269 3128 1305 3186 et

292 3221 494 3324 promptius
521 3235 671 3296 utuntur
696 3223 874 3318 oratione,
906 3221 1006 3298 unde
1030 3223 1163 3297 factum
1186 3241 1240 3298 est
1263 3241 1305 3298 ut

293 3335 459 3436 quaedam
476 3336 745 3410 observationes
762 3352 1006 3431 nascerentur,
1027 3337 1158 3436 quibus
1174 3338 1303 3413 collec-

292 3446 337 3520 tis
364 3462 399 3522 et
424 3451 716 3550 comprehensis,
738 3467 829 3524 esset
852 3451 1017 3552 quaedam
1039 3449 1227 3550 disciplina
1250 3449 1304 3524 di·

293 3561 412 3634 cendi.
432 3589 450 3629 n

341 3673 404 3745 His
420 3673 545 3747 Vrctor
566 3674 612 3749 de
631 3675 827 3749 rhetorices
839 3698 990 3748 munere
1008 3689 1044 3748 et
1061 3675 1199 3772 origine
1215 3699 1302 3748 usus

247 3801 248 3804 ’
289 3786 445 3882 judiciis,
464 3788 550 3861 hinc
568 3791 722 3863 multum
738 3815 760 3863 a
777 3791 1000 3879 Quintiliano
1019 3788 1151 3864 distare
1164 3790 1301 3888 perspi·

332 4040 362 4096 l.
384 4038 485 4096 Aurel.
501 4039 669 4119 Augustin,
684 4037 741 4100 loc.
758 4041 807 4101 cit.

330 4129 362 4186 2.
384 4129 417 4190 C.
432 4130 460 4186 J.
473 4127 561 4206 tier,
577 4150 607 4209 p.
624 4132 654 4192 3.
