2866 5056
686 367 882 444 ..aq-

221 535 224 540 ’
281 547 395 624 parvo
408 519 576 609 heradio,
590 533 657 594 aaut
669 517 715 592 de
729 519 852 616 ignota
864 517 988 616 ,aliqua
999 517 1078 612 lite,
1092 532 1154 592 aut
1165 519 1212 595 de
1230 545 1288 598 oe·
1415 483 1419 531 Δ

282 633 462 714 lebrandis
477 632 703 733 ¹panegyrico
728 655 897 708 sermone
922 629 1090 706 laudibus
1114 631 1289 710 similibus

281 749 357 828 fere
372 771 513 846 semper
529 761 622 822 esset
633 745 809 839 dicturus,
822 743 953 820 eodem
968 745 1091 822 animo
1108 745 1242 845 ingenii
1255 763 1290 823 at

283 860 497 958 eloquentiae
506 860 599 932 viros
610 860 839 952 exercitium,
854 875 963 958 atque
974 884 1019 934 eo
1036 875 1198 960 tempore
1215 887 1289 960 quo
1419 868 1421 883 '

284 998 367 1050 vere
395 973 441 1052 tle
472 973 678 1070 eloquentia
702 977 883 1050 Romanus
911 987 1036 1046 orator
1064 971 1286 1050 scribebat¹:

286 1090 442 1183 «Neque
460 1111 547 1162 vero
562 1085 649 1168 mibi
665 1085 864 1184 quidquam
881 1084 1112 1186 praestabilius
1127 1085 1288 1181 videturq

284 1224 394 1297 pam
410 1223 516 1297 posse
533 1198 688 1272 dicendo
708 1213 830 1272 tenere
846 1198 1039 1274 bominum
1054 1212 1178 1286 ecatus,
1193 1223 1290 1284 rnen·

284 1325 338 1384 tas
353 1309 512 1404 allicere,
532 1310 732 1386 voluntates
743 1311 952 1411 impellere,
972 1337 1045 1409 quo
1065 1312 1170 1404 velit3
1192 1313 1289 1388 unde

284 1439 405 1502 autem
418 1423 514 1514 velit,
533 1422 736 1498 deducere?
749 1453 767 1494 n
779 1427 831 1502 Ne
843 1451 927 1523 ergo
942 1426 1163 1502 admiremur
1174 1427 1287 1525 quod,

261 1530 266 1540 ’
281 1534 500 1614 ncneodem
510 1535 620 1612 veluti
634 1535 805 1613 divinitus
819 1539 993 1613 instinctae
1004 1540 1135 1614 mentis
1144 1539 1287 1636 ardore,

284 1673 361 1746 qno
378 1648 540 1739 Cicero',‚
557 1648 731 1748 impulsus
744 1651 933 1744 sitvietor,
947 1678 1073 1750 quum,
1092 1677 1207 1754 prope
1221 1652 1290 1728 sub

280 1761 406 1862 ,operis
424 1760 568 1854 finem⁸,
586 1763 675 1860 quid
698 1766 791 1838 inter
807 1764 981 1840 disertum
1003 1781 1039 1840 et
1062 1766 1291 1865 eloquentem

286 1873 404 1948 virum
419 1874 625 1968 interesset,
646 1875 851 1974 praedicavit
866 1891 903 1950 et
913 1877 1090 1952 distinxit.

336 1990 438 2062 Nunc
457 1988 505 2062 ad
526 1988 667 2064 tertiam
687 2003 825 2088 partem
846 1992 1092 2089 suprascriptae
1108 1989 1292 2066 divisionis

278 2125 494 2204 pergameo,
514 2101 551 2174 in
570 2125 641 2198 qna
656 2125 772 2200 pauca
793 2101 852 2174 illa
866 2101 1078 2177 adnotanda
1099 2117 1194 2192 sunt,
1213 2129 1292 2205 quae

284 2241 355 2314 pro
373 2214 520 2288 arbitrio
536 2239 604 2288 suo
617 2228 652 2286 et
667 2229 758 2288 nutu
769 2216 893 2288 Victor
909 2239 929 2287 e
946 2216 1118 2290 Cicerone
1133 2217 1290 2304 etQuin-

282 2328 412 2406 ,tiliano
436 2327 778 2417 ductaimmutavit,
804 2341 840 2398 et
858 2326 958 2400 aliter
983 2351 1094 2424 quam
1114 2326 1164 2401 illi
1188 2329 1293 2402 inter·

282 2453 446 2542 prelatus
467 2453 531 2512 est.
561 2442 726 2528 Quorum
749 2438 825 2511 duo
856 2440 1108 2514 tantummodo
1133 2439 1294 2540 exempla

281 2575 506 2650 proponam,
523 2552 675 2628 alterum
689 2550 735 2624 ad
751 2551 929 2626 vocalium
944 2553 982 2625 in
994 2551 1197 2626 elocutione
1208 2579 1293 2629 cou-

289 2690 456 2754 cursuro„
474 2665 626 2741 alterum
644 2679 766 2741 autem
777 2717 781 2724 -
793 2663 840 2740 ad
861 2665 1044 2738 memoriae
1060 2689 1167 2740 usum
1183 2667 1293 2764 perti·

289 2803 392 2854 nens.
413 2776 615 2854 Verborum
642 2778 864 2852 continuatio
878 2778 1021 2850 Victor*
1036 2779 1195 2877 praecipit
1214 2808 1232 2848 n
1247 2803 1293 2857 ne

283 2892 335 2968 ‚sit
357 2891 496 2984 hiulca,
524 2890 703 2966 vocalium
730 2905 765 2962 et
783 2892 937 2968 maxime
960 2890 1151 2988 longarum
1168 2892 1294 2970 crebra

290 3004 548 3079 concursione:
567 3033 584 3072 n
604 3027 813 3101 quanquam
831 3003 964 3077 Tullius
990 3004 1120 3078 dixitl:
1143 3004 1296 3078 «Habet

289 3111 408 3188 hiatus
421 3113 480 3186 ille
496 3128 531 3186 et
545 3139 743 3190 concursus
752 3114 932 3188 vocalium
948 3113 1056 3188 molle
1070 3115 1245 3212 quiddam
1261 3130 1296 3188 et

287 3225 391 3324 quod
415 3226 549 3300 indicet
582 3252 656 3300 non
685 3225 860 3324 ingratam
884 3226 1154 3325 negligentiam,
1185 3229 1295 3304 dere

290 3333 448 3414 hominis
464 3340 577 3438 magis
594 3365 704 3438 quam
721 3340 767 3414 de
780 3340 899 3416 verbis
916 3341 1125 3416 laborantis.
1144 3343 1296 3430 »Quin-

288 3449 434 3526 tilianus
444 3451 591 3550 quidem
604 3477 648 3526 eo
659 3453 760 3528 loco⁶
771 3480 846 3553 quo
856 3456 983 3530 eadem
995 3455 1175 3529 Ciceronis
1185 3454 1296 3534 verba

332 3710 362 3770 l.
376 3706 443 3768 etc.
457 3710 499 3766 rte
515 3709 644 3784 Oratore,
663 3711 692 3781 1,
709 3713 737 3773 8.

331 3799 362 3860 2.
383 3795 443 3856 Cic.
457 3798 495 3852 da
514 3799 643 3871 Oratore,
655 3801 685 3874 1,
702 3801 736 3858 at
752 3821 761 3871 ς
778 3799 892 3876 Orator,
907 3817 992 3882 capp.
1006 3823 1040 3874 v,
1056 3821 1123 3878 uxr,
1136 3822 1217 3864 xxix.

332 3887 362 3945 3.
382 3887 413 3944 C.
429 3887 455 3944 J.
473 3884 561 3958 vica,
574 3905 637 3964 cap.
654 3906 729 3958 xxv,
742 3907 773 3966 p.
790 3890 858 3948 tls.

331 3975 362 4032 4.
385 3972 477 4044 1ὒίά.,
492 3991 555 4050 cap.
575 3994 632 4045 xx,
648 3978 684 4033 de
697 3979 873 4035 Elocutiorre.

332 4065 362 4124 5.
386 4059 445 4122 cic.
465 4064 579 4137 Orator,
592 4083 657 4143 cap.
673 4084 759 4123 xxm.

332 4155 363 4211 o.
382 4149 646 4225 Quintil.,IX,t‚
663 4157 772 4218 aa-ar.
886 4215 888 4222 ,
