2866 5056
537 359 751 432 ...05-

137 557 139 564 ,
185 502 289 596 Sed,
314 516 355 576 ut
374 503 530 603 primum
556 503 603 576 ad
628 507 770 579 Grecos
796 519 932 578 veteres
965 509 1080 580 oratio
1107 533 1146 582 se

151 617 270 690 lleetat
295 641 337 690 ac
359 617 536 710 devertat,
567 617 769 692 Demetrius
790 618 979 692 Phalereus
995 621 1032 693 in
1053 621 1146 694 libro

147 729 298 829 qui-ssepi
317 733 469 828 ἑρμηνείας
489 729 708 820 inscribitur,
731 731 866 829 optime
885 732 1008 805 statuit
1024 747 1061 806 et
1076 733 1148 808 dis·

132 883 134 890 ,
149 843 255 918 tinxit
270 867 343 939 quo
358 840 502 914 virroulo
521 841 682 940 dialogus
695 858 731 914 et
743 841 901 943 epistolae
912 846 1144 942 sociarentur,

146 979 224 1054 quo
241 969 364 1028 autem
386 956 590 1028 discrimine
615 971 873 1054 separarentur.
907 961 1145 1050 «Artemon,

131 1067 266 1166 -inquit
274 1072 296 1158 ¹,
312 1069 375 1167 qui
387 1068 570 1166 exscripsit
584 1068 777 1140 Aristotelis
792 1068 959 1168 epistolas
975 1071 1024 1142 ait
1040 1096 1149 1170 opor·

147 1193 224 1255 tere
249 1181 378 1253 eodem
406 1180 497 1278 stylo
525 1179 705 1278 dialogum
728 1181 884 1255 scribere
903 1196 939 1255 et
956 1184 1146 1282 epistolas:

146 1317 227 1366 esse
252 1317 407 1390 namque
431 1292 619 1392 epistolam
642 1308 815 1392 tanquam
839 1294 987 1368 alteram
1011 1311 1148 1396 partem

149 1406 295 1504 dialogi.
310 1410 356 1478 Et
367 1405 452 1480 dicit
467 1404 603 1504 aliquid
619 1407 780 1498 sortasse,
794 1432 869 1479 non
882 1423 1003 1480 tamen
1021 1434 1146 1500 omne3

147 1533 293 1618 oportet
308 1519 406 1590 enim
417 1519 546 1592 factam
562 1543 637 1592 esse
649 1519 769 1616 aliquo
783 1519 894 1592 modo
903 1521 1026 1619 magis,
1041 1545 1150 1618 quam

148 1631 346 1736 dialogum,
365 1631 569 1731 epistolatum
587 1631 647 1702 hic
661 1632 756 1704 enim
773 1632 932 1706 imitatur
947 1649 1149 1733 extempore

150 1745 352 1837 dicentem3
371 1745 447 1818 haec
465 1760 583 1817 autern
602 1745 785 1834 scribitur,
806 1774 824 1814 u
841 1761 877 1819 et
887 1762 1006 1820 cetera
1023 1750 1150 1845 quaein

148 1859 332 1932 Dememo
345 1871 559 1955 sequuntur.
578 1859 674 1944 Quin
692 1858 818 1948 ctiam,
832 1873 914 1932 unte
929 1862 1152 1934 Demetrium

148 1972 372 2063 Phalereum',
384 1971 481 2044 Plato
493 1973 530 2043 in
542 1971 706 2069 Sophiste
715 1975 738 2060 ¹,
752 1971 1151 2058 thuintilianus⁸reote

148 2085 382 2178 recordatur,
406 2084 617 2182 eloquentiae
635 2083 794 2183 partibus
811 2109 891 2182 quae
911 2084 958 2156 ad
980 2084 1150 2180 judiciale

146 2214 186 2272 et
196 2198 408 2272 concionale
425 2222 536 2296 genus
547 2212 708 2296 spectant
722 2198 892 2270 «tertiam
903 2196 1033 2294 adjecit
1043 2227 1150 2296 προσο-

150 2319 340 2409 pataram,
367 2335 477 2410 quam
505 2335 592 2383 sane
619 2311 868 2411 permittamus
895 2310 1000 2383 nobis
1028 2310 1149 2384 dicere

148 2425 493 2515 sermocinatricem3
523 2449 603 2522 quae
630 2448 652 2496 a
679 2424 810 2497 lorensi
843 2424 982 2497 ratione
1015 2424 1150 2522 disjun-

149 2538 265 2634 gitur,
294 2551 330 2610 et
357 2551 410 2610 est
432 2535 702 2608 accommodata
730 2536 875 2635 privatis
899 2536 1149 2635 disputationi-

148 2650 237 2742 bus,
252 2651 417 2749 cujusvis
428 2649 554 2724 eadem
570 2651 730 2748 prolecto
743 2665 797 2722 est
813 2675 892 2748 quae
909 2649 1111 2740 dialecticae,
1129 2685 1145 2718 ι

14 2797 17 2804 ’
147 2778 187 2837 et
202 2765 285 2836 ideo
302 2763 467 2864 paulum,
489 2778 531 2834 ut
557 2764 693 2854 fateor,
717 2763 764 2834 ab
787 2787 828 2835 ea
854 2764 1149 2836 sermocinatione

150 2877 343 2968 dissimilis,
358 2876 403 2949 de
416 2899 489 2974 qua
501 2899 585 2949 mox
600 2875 781 2949 Victorem
798 2875 1029 2948 disserentem
1044 2876 1148 2950 indu·

147 3016 286 3064 cemus.

200 3109 281 3178 Non
298 3103 466 3202 equidem
482 3103 608 3176 dubito
626 3103 729 3200 quin,
756 3102 786 3174 si
807 3103 1020 3202 perlustrare
1045 3101 1149 3174 uobis

149 3233 254 3292 vacet
285 3241 519 3317 quaecumque
546 3231 623 3288 tum
654 3228 761 3310 ante,
797 3229 874 3288 tum
910 3229 991 3314 post
1020 3215 1150 3288 Christi

150 3345 332 3430 tempora,
361 3327 418 3402 vel
436 3329 548 3400 Graeci
565 3329 622 3400 vel
640 3328 790 3400 Romani
807 3329 997 3425 scriptores
1025 3327 1071 3399 de
1093 3328 1148 3398 di·

123 3491 125 3496 ·
151 3443 259 3518 cendi
269 3459 304 3516 et
313 3441 491 3516 scribendi
502 3455 575 3514 arte
589 3453 880 3538 composuerunt,
893 3437 953 3510 hic
966 3437 1038 3510 illic
1057 3463 1151 3534 quae·

121 3611 124 3617 -
153 3555 238 3630 dam
256 3556 420 3629 annotari
435 3554 573 3653 possint
589 3568 624 3624 et
641 3552 687 3624 ad
703 3550 1035 3623 sermocinationem
1050 3565 1086 3620 et
1103 3551 1150 3623 ad

153 3669 319 3770 epistolas
329 3667 525 3742 referenda.
542 3665 629 3738 lllihi
644 3663 754 3738 modo
766 3666 857 3736 inter
871 3667 1014 3736 Graeeos
1025 3662 1150 3737 divum

199 3867 230 3928 l.
254 3869 366 3924 Demet.
386 3863 500 3924 Phaler.
521 3851 556 3919 de
573 3863 735 3920 Elocutioue
752 3864 828 3936 (cum
845 3861 924 3922 Petri
936 3861 1056 3924 Victorii
1070 3881 1151 3922 com-

127 3961 131 3970 ‘
152 3954 310 4015 mentariis.
328 3955 361 4014 ln
375 3952 489 4012 officina
501 3957 663 4010 Juntarum.
680 3953 805 4024 unum),
819 3970 851 4030 p.
868 3953 925 4010 tat

194 4046 227 4100 2.
249 4044 322 4102 Plat.
337 4043 473 4118 Sophist,
488 4063 519 4121 p.
535 4043 613 4118 222,
629 4040 677 4100 ed.
693 4043 733 4102 Η.
748 4039 848 4119 Steph-

195 4135 226 4193 a.
249 4131 383 4208 Qatnu,
398 4133 456 4210 111,
472 4133 507 4208 t,
521 4133 571 4190 ιο.
