2866 5056
551 391 750 464 ...73-

160 543 256 620 „ne
273 539 396 641 primis
417 535 564 637 quidem
585 536 725 612 duabus
751 537 914 640 partibus
938 541 1153 640 paucissima

153 653 319 751 prefatus
335 667 387 730 est
406 652 546 744 Victor,
565 651 668 724 sicuti
684 652 731 725 de
749 652 856 726 rebus
871 654 1023 726 omnino
1037 658 1152 729 mani·

154 766 263 846 testis.
281 765 391 841 Nobis
408 791 495 838 vero
511 765 745 839 animadverti
758 767 846 840 'satis
861 767 913 839 sit·
921 770 1059 860 omnia,
1070 771 1153 844 Vio-

153 881 242 955 toris
262 893 380 970 aetate,
405 879 580 952 sermonis
600 892 676 952 tum
693 880 914 978 praestantiae,
933 894 1010 952 turn
1027 907 1164 958 neces·.

152 991 1151 1092 sariaeconsuetudinipraedicandaefavisse.,Praeterqu'rm

153 1104 250 1178 euim
273 1104 375 1202 quod
391 1103 509 1177 nullus
521 1104 597 1200 jam
614 1129 731 1203 paene,
751 1120 791 1176 ut
809 1104 985 1192 diximus,
997 1107 1152 1181 'excelsae

152 1231 189 1290 et
203 1241 298 1290 saner
313 1216 524 1315 eloquentiae
539 1216 639 1290 locus
651 1230 727 1290 erat
735 1217 896 1308 relictus,
909 1241 1013 1292 novae
1025 1241 1154 1293 omnes

152 1354 274 1402 rerum
291 1330 506 1406 mutationes
522 1333 766 1404 Rornanorum
780 1330 940 1404 moribus
950 1346 986 1404 et
1001 1333 1152 1430 ingeniis

152 1441 265 1516 altare
275 1497 287 1535 ,a
302 1442 413 1540 magis
431 1443 613 1540 magisque
629 1458 666 1515 et
678 1445 854 1517 sermonis
869 1460 905 1518 et
920 1445 1153 1544 epistolarum

151 1554 227 1630 sire
256 1555 493 1631 necessariam
516 1557 712 1648 rationem,
741 1557 817 1631 sire
838 1581 942 1630 usum
964 1580 1151 1634 commen·

154 1665 303 1748 dabant.
322 1669 498 1758 Quocirca
522 1693 597 1740 non
618 1668 736 1741 solum
753 1669 954 1767 quotidiani
977 1673 1154 1746 sermonis

154 1805 234 1862 mos
253 1773 328 1854 tam
357 1779 535 1854 mutabilis
560 1806 670 1880 quam
695 1785 934 1874 necessarius,
958 1783 1024 1856 sed
1043 1785 1152 1858 etiam

154 1893 364 1991 eloquentiae
393 1893 610 1990 jamdudum
641 1894 878 1993 pessumdata
908 1901 946 1966 et'
976 1911 1153 1995 corruptae

154 2005 327 2104 quaedam¹
344 2006 507 2096 satietas,
531 2005 649 2078 inritis
675 2005 880 2078 rhetoribus
903 2020 940 2078 et
967 2005 1156 2082 declame-

153 2117 293 2193 toribus
319 2133 356 2191 et
380 2119 572 2218 sophistis,
596 2118 644 2190 ad
668 2119 976 2192 sermocinationis
996 2120 1155 2195 sormam

152 2231 289 2330 aliquot
322 2231 503 2307 scribendi
536 2230 752 2330 dicendique
782 2255 912 2329 genera
941 2230 1151 2306 adduxerat.

154 2349 241 2433 Quae
251 2344 399 2443 quidem
412 2345 584 2420 orationis
593 2345 630 2418 in
645 2369 850 2418 sermonem
861 2346 1154 2446 immutatiofpo·

154 2483 237 2532 rum
270 2458 431 2557 apud‘rr
459 2457 577 2532 saeculi
604 2457 767 2530 ethnicos
794 2457 959 2531 homines
983 2445 1154 2553 evidens,v

154 2569 471 2670 clarissimisapud
489 2569 703 2644 christianos
719 2571 858 2644 indiciis
874 2569 1067 2668 significata
1082 2587 1153 2645 est.

155 2687 245 2754 Nam
260 2708 330 2783 pro
344 2684 498 2782 antiquae
511 2683 722 2780 eloquentia
736 2699 926 2782 apparatu,
937 2685 975 2756 in
985 2683 1154 2757 omnibus

156 2796 309 2871 Romani
332 2795 474 2896 imperii
493 2796 673 2896 partibus,
697 2796 1024 2886 christiani,‘etiam
1041 2821 1156 2894 quum

154 2933 224 3006 pro
258 2934 407 2988 suorum
440 2909 552 2982 salute
580 2909 901 2998 concionarentur,
925 2909 1053 2980 miram
1079 2933 1156 2981 ser·

155 3023 274 3100 monis
296 3023 559 3122 simplicitatem
581 3037 864 3122 praeposuerunt
891 3022 997 3095 Unde
1021 3023 1154 3096 sactum

155 3150 222 3224 est,
240 3149 279 3211 ut
300 3159 407 3210 sacrae
422 3137 614 3210 conciones
639 3136 737 3235 apud
757 3135 901 3208 latinos
923 3141 1152 3228 sermonum,

155 3249 254 3348 apud
277 3253 420 3343 Graecos
444 3264 564 3324 autem
591 3259 718 3346 ὁμιλιῶν
746 3251 893 3322 nomine
922 3264 1166 3322 vocarentur.·

156 3365 200 3438 dt
217 3362 331 3454 enirn,
349 3361 436 3460 quid
447 3386 489 3434 ea
501 3388 558 3434 res
567 3362 614 3434 ad
624 3363 819 3454 Victorem,
829 3364 859 3434 si
870 3361 1034 3434 ethnicus
1047 3362 1156 3434 fuisse

155 3475 338 3548 verissime
355 3474 470 3548 dictus
485 3475 557 3546 esti
575 3473 891 3560 Quemadmodum
906 3475 1014 3546 etiam
1029 3473 1066 3544 in
1088 3495 1159 3572 pa-

156 3611 268 3684 ganos
282 3588 460 3677 homines,
482 3590 671 3678 Senecam,
687 3587 905 3660 Antoninum
922 3601 957 3658 et
972 3585 1080 3676 alios,
1094 3585 1156 3658 ad·

156 3701 311 3784 mirabili
320 3700 598 3776 etnihilominus
609 3701 978 3790 manifestaiacuitate,
990 3698 1156 3796 quaedam

157 3837 201 3886 ex
219 3813 409 3888 uberrimis
417 3815 488 3886 suis
502 3813 659 3886 tontibus
671 3811 1004 3886 christianainsudit
1013 3811 1152 3908 religio,

158 3940 195 3998 et
217 3928 379 4024 'quamvis
399 3927 529 4000 inscios
548 3925 714 3999 tenuibus
736 3924 951 4023 quibusdam
975 3923 1059 3995 rivis
1074 3925 1156 3996 irri-

159 4041 266 4142 gavit,
280 4041 330 4112 sic
340 4040 519 4112 Victorem
532 4039 708 4132 nostruin,¹
729 4055 764 4112 et
779 4039 867 4112 alios
883 4037 1044 4111 ethnicos
1060 4038 1155 4134 ejus·

160 4154 243 4228 dem
260 4154 554 4254 aeri=scriptorea4
576 4154 649 4226 late
659 4152 918 4250 jamdoctrina
934 4149 1154 4222 dominatrix
