2866 5056
572 353 770 427 ..45-

66 597 68 604 ¹
166 503 292 576 Cicero
309 502 448 596 dixerit,
459 517 568 602 atque
583 527 663 575 eam
675 499 809 576 ibidem
823 504 959 576 Fannio
969 505 1169 580 orationem

164 631 275 708 recte,
289 631 414 691 contra
437 615 698 690 nonnullorum
716 616 991 712 dubitationem,
1006 619 1171 693 vindica·

165 732 272 822 nerit3
292 755 477 829 quumque
494 730 610 830 prima
636 730 742 801 etiam
762 730 949 802 concionis
968 732 1042 828 ejus
1061 731 1169 806 verba

163 844 200 916 in
218 846 323 918 tertio
342 845 387 918 de
402 848 554 918 Oratore
571 841 686 914 libro¹
703 845 880 933 retulerit,
901 845 1062 942 proiecto
1085 871 1168 920 crim

163 959 267 1032 Tullii
284 959 457 1058 opinione
470 957 719 1030 confirmanda
738 958 872 1056 optime
889 983 929 1030 ea
946 963 1165 1060 conspirant,

163 1097 255 1172 quae,
275 1073 397 1144 multis
413 1086 495 1171 post
508 1070 706 1143 Tullianam
723 1084 861 1143 aetatem
875 1071 1028 1164 saeculis,
1048 1074 1170 1148 rhetor

163 1198 288 1258 noster
315 1209 335 1258 e
357 1184 541 1257 Fanniana
563 1183 726 1255 oratione
749 1184 786 1256 in
808 1208 900 1282 opus
921 1210 1027 1256 suum
1044 1185 1167 1258 tradu-

162 1295 279 1367 cenda
296 1296 445 1368 curavit.
465 1294 570 1366 Ennii
588 1308 709 1368 autem
724 1291 938 1384 Sabinarum
949 1295 1020 1368 hoc
1032 1297 1169 1369 inedito

163 1407 271 1481 loco‘
289 1433 297 1478 t
322 1437 340 1475 u
360 1411 449 1480 Cum
466 1407 581 1506 spolia
598 1408 719 1505 generi
732 1407 965 1510 detraxeritis,
985 1435 1094 1506 quam
1112 1411 1170 1482 in-

163 1523 394 1621 scriptionem
420 1519 578 1594 debitis?
605 1548 623 1588 u
653 1519 888 1593 confirmatur
918 1523 1054 1615 Enni0‚
1076 1525 1183 1596 sicut.

163 1660 247 1707 vere
264 1636 398 1706 Maius³
415 1632 596 1724 observat,
612 1633 734 1705 titulus
752 1635 871 1732 operis
887 1633 1040 1725 Sabinas,
1061 1661 1170 1734 quem

164 1749 294 1823 diserte
317 1762 579 1820 memoraverat
596 1745 798 1819 Macrobius
808 1749 833 1838 ⁸,
853 1749 915 1820 scd
932 1749 1079 1848 quidam
1103 1752 1170 1822 cri·

163 1862 254 1934 ticus
270 1862 450 1933 immerito
467 1859 702 1933 aboleverat'.
723 1862 893 1934 Nonnihil
907 1889 992 1962 ergo
1010 1865 1062 1937 ad*
1074 1865 1171 1938 litte·

162 1976 263 2047 rariae
272 1975 324 2046 rei
336 1973 433 2074 apud
449 1977 629 2047 Romanos
638 1973 825 2046 historiam
843 1991 980 2049 servata
993 2001 1012 2049 a
1025 1980 1169 2050 Victore

164 2085 362 2184 fragmenta
376 2082 584 2183 proliciunt.

212 2196 385 2296 Equibus
398 2195 607 2269 nonnullius
623 2196 681 2268 illa
698 2197 873 2268 momenti
883 2211 966 2300 sunt
975 2223 1066 2294 quae,
1086 2223 1170 2295 pas-

162 2314 230 2386 sim
253 2337 296 2383 ex
316 2309 512 2410 deperditis
530 2310 634 2382 Tullii
648 2309 819 2410 operibus
835 2325 1037 2407 assumpta,
1054 2335 1172 2382 exem·

162 2426 222 2526 pla
250 2423 437 2524 disposuit.
469 2427 684 2520 Quanquam
714 2425 812 2495 enim
841 2423 1088 2496 confitendum
1119 2439 1172 2498 est

163 2540 296 2612 horum
309 2537 481 2638 pleraque
499 2561 575 2610 esse
595 2535 762 2609 breviora
786 2538 969 2634 magisque
993 2551 1169 2628 truncata,

163 2678 274 2752 quam
292 2665 330 2722 ut
350 2677 394 2752 ex
417 2652 462 2721 iis
479 2649 644 2748 quaedam
667 2649 703 2720 in
731 2675 844 2722 unum
865 2649 974 2722 veluti
999 2651 1172 2720 orationis

164 2791 296 2866 corpus
312 2763 527 2852 coalescant,
548 2763 585 2834 in
603 2762 738 2834 amissis
756 2762 811 2834 vel
834 2762 968 2832 mutilis
987 2763 1172 2833 concioni·
1244 2819 1246 2824 .

162 2879 232 2952 bus
244 2903 311 2979 pro
323 2877 438 2948 Tullio
448 2879 471 2967 ⁶,
487 2900 554 2975 pro
567 2875 717 2947 Fonteio
727 2879 750 2965 ⁷,
771 2890 807 2947 et
819 2889 944 2972 contra
957 2875 1181 2952 concionem¹

163 2992 325 3084 Metelli⁸,
346 2990 462 3063 Maio⁹
477 3003 597 3062 tamen
615 2988 735 3086 aliqua
752 2987 836 3060 inde
854 2986 1081 3086 decerpenda
1098 3012 1173 3058 esse

163 3106 297 3179 utiliter
325 3102 507 3192 videntur,
541 3118 582 3174 ut
610 3103 793 3174 Ciceronis
827 3100 1006 3173 lacunosis
1037 3100 1173 3199 aliquot

165 3221 369 3294 orationum
384 3217 473 3290 locis
488 3214 550 3288 lux
566 3215 743 3314 affulgeat.
764 3215 833 3287 Sed
850 3214 925 3286 hrec
936 3212 1119 3286 hactenus.

206 3433 235 3486 l.
261 3425 320 3487 cia.
336 3427 373 3482 de
390 3425 519 3496 Oratore,
534 3421 596 3494 111,
613 3425 663 3480 47.

205 3521 236 3576 2.
261 3520 294 3577 C.
314 3519 342 3576 J.
364 3512 452 3586 vtes,
477 3529 541 3590 cap.
557 3530 606 3582 vr,
628 3507 706 3590 86,
730 3528 761 3588 p.
783 3511 833 3570 52.

207 3610 237 3666 3.
260 3605 351 3677 ibid,
366 3614 428 3662 not.
447 3605 478 3660 2.

208 3700 238 3754 4.
262 3691 392 3754 Muctob.
416 3694 532 3752 Satura.
552 3693 607 3763 vt,
630 3691 660 3747 ὃ.

211 3792 240 3846 tt.
266 3784 323 3844 Adi
336 3781 444 3842 Maium
458 3783 500 3838 ad
513 3783 572 3839 Cic.
586 3783 623 3838 de
635 3783 721 3856 Πομ,
737 3781 782 3849 ῙῙ,
797 3781 826 3836 7.

209 3882 238 3938 6.
263 3871 437 3944 c.J.Vict.,
452 3872 624 3950 cap.v1,l,
639 3889 670 3949 p.
687 3872 897 3945 t3;cap.11v‚
913 3885 944 3945 p.
962 3867 1000 3928 '18
1012 3875 1042 3925 et
1054 3867 1104 3926 79.

210 3973 238 4027 7.
262 3965 351 4038 ibid,
368 3983 413 4032 rr,
430 3965 466 4035 ἢ,
481 3963 643 4040 nid-dir
659 3977 724 4037 cap.
738 3977 786 4035 vr,
803 3961 841 4031 4,
856 3976 887 4036 p.
905 3959 955 4016 ta.

209 4059 238 4114 8.
260 4056 349 4128 Ibid,
365 4071 430 4132 cap.
454 4071 501 4123 m,
515 4053 551 4126 3,
566 4070 597 4130 p.
614 4051 664 4108 tt.

210 4150 239 4205 9.
264 4144 321 4204 Ad.
336 4146 370 4204 G.
384 4145 412 4200 J.
427 4139 516 4212 vict„
530 4159 561 4228 p.
577 4141 635 4212 ta,
649 4148 713 4197 not.
730 4140 760 4195 2.
