2880 5058
680 436 902 510 -4522-

290 588 455 685 quaedam
473 589 519 661 de
535 588 693 688 epistolis
710 604 875 689 excerpta
891 589 1095 679 attulimus,
1115 609 1194 683 quae
1210 609 1290 655 cum

291 701 444 774 Victoris
469 703 651 800 epistolica
673 703 894 774 institutione
922 725 1231 800 compararemus;
1259 713 1293 770 et

291 837 354 884 eos
377 839 503 887 omnes
527 815 596 886 boc
622 815 748 887 melius
770 817 919 886 sensisse
939 839 1048 912 quam
1071 813 1294 886 Demetrium

288 926 539 1021 judicavimus,
565 928 665 1025 quod
687 928 746 1000 hic
768 953 841 999 non
865 927 950 1000 alias
971 951 1079 1026 quam
1107 926 1294 997 familiares

292 1039 460 1135 epistolas
478 1041 707 1138 epistolarum
728 1043 875 1113 nomine
892 1040 1031 1138 dignari
1052 1039 1226 1129 videatur,
1248 1037 1296 1109 illi

293 1167 412 1224 autem
427 1155 559 1226 litteras
573 1181 699 1227 omnes
715 1157 840 1254 plusve
858 1180 925 1254 pro
942 1154 1048 1226 rebus
1063 1156 1228 1224 minusve
1246 1154 1297 1222 di·

292 1261 380 1334 latas
399 1267 587 1363 accipiant,
614 1267 725 1337 modo
750 1265 856 1337 abiis
881 1267 1070 1364 epistolare
1092 1289 1204 1363 genus
1223 1289 1296 1335 non

293 1375 515 1450 excludatur.
537 1379 718 1451 Victorem
735 1395 854 1452 tamen
872 1382 983 1476 magis
1006 1383 1041 1451 in
1066 1379 1298 1451 familiaribus

293 1513 401 1585 quam
420 1492 456 1562 in
475 1494 668 1589 negotiosis
690 1494 814 1565 litteris
836 1494 1003 1566 institisse
1026 1492 1193 1565 diximus.
1221 1497 1299 1563 Pos-

294 1617 352 1674 tea
377 1619 517 1693 autem,
539 1607 778 1678 eruditionem
803 1623 838 1678 et
865 1608 1105 1704 sagacitatem,
1125 1621 1161 1678 et
1175 1605 1299 1702 judicii

294 1741 459 1805 acumen,
482 1735 518 1788 et
539 1721 659 1792 nescio
682 1721 769 1816 quid
792 1720 974 1794 christiani
1001 1721 1149 1793 affectus
1171 1721 1298 1808 simile,

296 1844 333 1900 et
356 1829 534 1901 assiduam
559 1857 600 1904 ac
620 1858 736 1931 prope
759 1835 902 1914 unicam
928 1835 1110 1906 Ciceronis
1133 1833 1300 1932 epistola·

296 1965 378 2011 rum
390 1940 711 2039 frequentationem
728 1948 764 2018 iu
781 1948 842 2035 iis,
854 1971 933 2044 quae
946 1948 1099 2018 vicissim
1115 1971 1157 2018 ex
1175 1945 1300 2016 ultimo

287 2056 716 2156 ·Victoriscapiteanobis
728 2076 894 2159 excerpta
906 2059 1299 2155 sunt,dijudicavimus.

298 2171 419 2254 Quare
438 2183 514 2241 tum
538 2171 616 2262 hic,
645 2188 723 2245 tum
748 2175 846 2262 alias,
874 2175 1022 2246 unicum
1044 2198 1171 2271 prope,
1192 2186 1232 2243 ut
1253 2173 1303 2244 di·

300 2281 427 2372 cendi,
454 2284 502 2356 ita
525 2285 705 2358 scribendi
732 2288 927 2387 specimen,
954 2287 1011 2358 vel
1038 2287 1101 2357 uni
1127 2283 1302 2385 discipulo

300 2394 358 2464 vel
373 2394 492 2465 multis
502 2396 696 2496 discipulis,
709 2403 919 2473 Ciceronem
929 2400 1301 2499 proposueritVictor,

301 2506 424 2605 paucis
441 2508 596 2606 denique
616 2513 665 2584 ita
688 2512 969 2610 disquisivimus,
988 2528 1029 2584 ut
1051 2512 1152 2583 illurn
1169 2512 1304 2584 dicere·

288 2645 405 2708 mus,
434 2622 471 2691 in
499 2621 597 2696 nulla
631 2626 861 2725 epistolarum
891 2640 974 2725 post
996 2624 1149 2697 Tullium
1179 2625 1306 2696 collec-

304 2732 420 2824 tione,
452 2734 524 2804 sive
551 2737 641 2828 suis,
668 2741 742 2811 sive
769 2755 873 2812 antea
901 2738 1142 2838 temporibus,
1172 2738 1305 2834 aliquid

300 2845 405 2942 quod
435 2852 564 2922 miram
592 2851 688 2922 illam
715 2853 865 2926 Tulliani
888 2854 1064 2925 sermonis
1090 2867 1126 2924 et
1152 2851 1308 2922 flexibili-

289 2974 415 3032 tatem
437 2979 472 3034 et
493 2968 701 3037 varietatem
725 2982 760 3038 et
785 2967 983 3039 naturalem
1008 2968 1081 3038 vim
1107 2981 1144 3037 et
1166 2967 1308 3064 copiam

299 3075 554 3171 aequipararet,
576 3079 731 3175 reperire
757 3080 926 3177 potuisse.

355 3191 548 3284 Postquam
573 3190 622 3261 ita
652 3188 870 3263 absolvimus
886 3217 1141 3288 quacumque,
1165 3192 1211 3262 de
1232 3205 1307 3262 toto

306 3302 459 3373 Victoris
481 3327 591 3400 opere
608 3327 649 3374 ac
671 3305 867 3402 praesertim
892 3305 937 3375 de
956 3305 1258 3375 sermocinatione
1275 3316 1309 3373 et

309 3414 355 3486 de
371 3416 542 3512 epistolis,
559 3416 875 3489 animadvertenda
886 3416 1077 3488 essenobis
1090 3416 1249 3488 arbitrati
1259 3439 1309 3486 es·

308 3555 440 3621 semus,
460 3546 545 3621 tres,
564 3546 759 3629 antequam
780 3532 821 3602 iis
838 3530 1001 3603 ultimam
1024 3555 1173 3602 uranum
1193 3530 1308 3627 impo-

308 3669 489 3733 neremus,
519 3645 737 3741 generalium
764 3645 847 3716 inde
876 3644 1150 3716 conclusionum
1180 3643 1310 3720 formas

307 3756 440 3828 ducere
456 3755 648 3828 voluimus.
665 3761 825 3844 Quarum
842 3758 974 3856 prima,
990 3757 1048 3828 vel
1059 3757 1164 3828 unice
1176 3755 1232 3827 vel
1245 3757 1311 3826 im·

308 3869 432 3967 primis
455 3869 741 3960 Ciceronianum,
763 3884 802 3941 ut
819 3869 984 3958 diximus,
1007 3871 1206 3956 Victorem,
1230 3891 1311 3938 curn

310 3981 563 4053 Frontonianis
600 3997 635 4053 et
675 3983 843 4053 Plinianis
882 4009 919 4055 xv
962 3983 1079 4055 saectdi
1119 3982 1312 4053 Galliarum
1422 4071 1423 4074 Ἴ

310 4099 527 4186 rhetoribus,
548 4124 630 4169 cum
656 4103 700 4187 Q.
722 4101 863 4171 Aurelio
884 4099 1118 4200 Symmacho,
1146 4098 1248 4195 cujus
1272 4121 1312 4168 ex

311 4212 471 4314 epistolis
493 4237 607 4310 pauca
631 4229 754 4286 sunta
781 4214 885 4286 nobis
909 4213 1058 4302 selecta,
1082 4212 1309 4287 contulimus.
