2866 5056
537 409 734 480 ..24-

135 552 265 626 Fabios
282 555 358 655 ipse
374 559 625 654 agnoverunt3
652 558 786 659 quippe
804 560 866 657 qui
889 585 973 634 cum
990 565 1145 660 merito,
1220 608 1228 620 ·

133 665 308 740 brevitate
335 669 394 741 illa
420 694 530 768 quam
556 695 664 768 supra
693 673 902 768 retulimus,
926 680 1146 773 quaestiones

135 803 262 852 omncs
289 782 336 854 ad
365 783 432 855 tria
461 807 593 880 genera
625 788 883 880 revocaverint,
916 813 993 862 non
1020 791 1147 866 minus

135 891 326 994 deinceps,
351 896 387 966 in
406 896 618 996 explicando
635 923 870 997 quaecumque
887 902 933 973 ad
950 927 1146 978 causarum

134 1021 246 1079 statos
257 1009 462 1101 attinerent,
475 1013 753 1107 Hermagorcam
770 1011 998 1103 divisionem,
1017 1033 1147 1116 utpote

131 1123 434 1218 *percommotlam
452 1137 487 1194 ct
500 1125 743 1222 pervulgatam
758 1125 999 1198 adhibuerint.
1027 1131 1148 1200 Nemo

132 1235 241 1330 igitur
265 1235 462 1308 admiretur
481 1261 592 1334 quare
618 1251 654 1309 et
673 1263 832 1336 quonam
848 1253 957 1337 pacto
981 1239 1150 1312 rhetores

132 1345 189 1418 vel
204 1347 366 1444 plerique
382 1348 438 1420 vel
456 1353 582 1420 o'mues
596 1351 724 1439 Latini,
739 1355 965 1449 Hermagorae
981 1355 1148 1425 auctori-

133 1474 243 1532 tatem
261 1459 307 1531 de
327 1485 366 1532 ea
383 1485 436 1548 re,
455 1461 549 1533 inter
565 1487 657 1559 quos
671 1464 845 1561 imprimis
861 1465 994 1536 eminet
1003 1467 1146 1554 Victor,

135 1596 250 1669 usque
275 1571 323 1643 ad
347 1573 474 1644 lsidori
498 1575 716 1673 Hispalensis
732 1590 887 1670 aetatem,
915 1579 1027 1649 secuti
1057 1579 1145 1650 sint.

136 1687 300 1782 Namque
314 1700 352 1756 ut
370 1701 507 1758 ceteros
523 1686 632 1759 latine
648 1687 792 1760 dicendi
809 1691 1015 1788 scriptores,
1028 1690 1147 1788 quiin

134 1814 315 1872 oratorem
334 1799 502 1873 docendo
521 1825 596 1872 nou
619 1803 748 1874 eximia
764 1804 897 1899 ingenii
914 1804 1010 1902 apud
1028 1805 1147 1891 Quin·

135 1911 297 1984 tiliacum
322 1927 357 1984 et
385 1913 595 1986 Ciceronem
618 1916 795 2013 praecipue
822 1915 1061 2014 amplitudine
1088 1916 1149 1990 usi

134 2041 235 2114 sunt,
265 2025 329 2098 sed
350 2025 505 2124 operarii
522 2028 632 2098 veluti
651 2028 817 2100 homines
842 2029 983 2125 vulgata
1002 2043 1146 2100 tantum

133 2139 232 2210 etad
249 2139 427 2235 agendum
446 2155 613 2238 prompta
623 2147 884 2240 praeceperunt,
899 2141 950 2212 sic
963 2141 1147 2212 Victorem

135 2267 300 2324 nostrum
320 2251 446 2323 eadem
464 2255 628 2325 oratoriae
646 2253 819 2325 doctrinae
835 2251 1036 2324 humilitate
1054 2275 1149 2324 con-

135 2381 289 2454 tentum,
306 2366 560 2438 didascalicum
573 2381 608 2438 et
621 2367 761 2438 nodum
779 2365 975 2455 rhetorem,
997 2369 1155 2438 Herma·

136 2501 239 2575 goras
257 2478 316 2551 ille
336 2479 436 2574 quasi
454 2479 612 2576 optimus
638 2479 768 2550 ductor
786 2478 914 2550 direxit
930 2493 966 2549 et
983 2478 1148 2550 edocuit.

136 2595 208 2664 Nec
220 2591 258 2662 id
277 2593 407 2663 mirum
422 2606 432 2681 ς
453 2593 532 2691 ipso
547 2593 644 2664 enim
661 2593 749 2665 vitio
767 2593 849 2683 isto,
862 2617 937 2690 quo
948 2616 1014 2690 per
1026 2592 1149 2662 minu·

135 2717 188 2775 tas
215 2727 336 2774 rerum
365 2704 554 2801 particulas
584 2705 722 2800 singula
750 2705 934 2776 dividendi
965 2703 1150 2776 lahorasse

136 2821 387 2913 Hermagoras,
420 2845 437 2884 a
453 2817 509 2886 vir
536 2816 671 2913 alioqui
701 2816 840 2888 subtilis
864 2832 900 2889 et
920 2817 958 2887 in
984 2815 1156 2913 plurimis

137 2929 382 3019 admirandus„
398 2943 535 3000 tantum
551 2928 741 3025 diligentiae
754 2928 904 3022 nimium
918 2927 1103 3016 sollicitae¹,
1125 2957 1152 2994 >1-

138 3041 280 3130 dicitur‚
309 3041 339 3112 is
356 3040 508 3116 ‚infimos
530 3042 662 3113 Latinae
684 3041 898 3140 eloquentiae
925 3043 962 3112 in
990 3040 1068 3111 dies
1083 3039 1154 3112 de·

92 3215 99 3220 .
138 3155 327 3228 crescentis
345 3170 594 3254 praeceptores,
611 3170 647 3226 et
660 3155 744 3228 ideo
756 3157 949 3245 Victorem,
966 3151 1151 3225 induxisse

139 3269 364 3368 potissimum
380 3268 427 3342 ad
446 3268 501 3340 sui
517 3269 753 3341 imitationem
770 3270 883 3341 videri
902 3282 1034 3368 potest.

188 3385 277 3467 Quae
305 3405 416 3477 quum
444 3379 493 3450 ita
520 3381 608 3467 siut,
633 3395 668 3450 et
695 3380 779 3452 inde
802 3382 1016 3476 intelligatur
1035 3403 1154 3477 quare

140 3508 240 3565 tanto
259 3494 378 3564 studio
394 3492 506 3564 multa
524 3495 752 3588 Hermagorae
764 3508 940 3591 praeccpta
957 3492 1002 3564 ad
1016 3489 1157 3564 inveni

81 3659 88 3668 .
142 3607 277 3678 tionem
303 3621 339 3678 ct
356 3607 533 3705 praecipue
550 3604 594 3678 ad
614 3630 802 3678 causarum
825 3620 936 3678 status
953 3605 1153 3703 spectantis

143 3720 328 3819 amplexus
344 3721 388 3790 sit
404 3721 539 3809 Victor,
556 3743 681 3791 nonne
697 3719 825 3792 merito
840 3718 1061 3792 admiremur
1072 3717 1157 3816 qui·

143 3831 210 3904 hus
232 3830 410 3906 decausis
429 3849 550 3905 noster
568 3830 626 3905 ille
643 3834 768 3906 rhetor
785 3833 852 3906 sub
874 3834 965 3906 Artis
982 3832 1151 3922 initium,

145 3970 217 4042 quo
236 3945 394 4043 singulos
412 3946 539 4018 dividit
552 3946 788 4045 quaestionum
801 3961 877 4018 tum
892 3945 1057 4042 legalium
1072 3957 1155 4014 tum

184 4196 214 4250 r.
238 4190 372 4268 Quinto,
387 4195 444 4264 111,
460 4195 514 4266 u,
530 4193 580 4250 sa.
662 4243 668 4268 ,
