2880 5058
528 439 587 482 '-
607 426 682 502 tta
707 467 758 484 -·

144 575 1150 680 eloquentiamamplexisintetcommendaverint.Dissi·

139 691 1153 792 ‘miles'auteminterselueruntambo,quodalterinscho-

140 789 262 882 larum
272 804 526 878 tantummodo
536 805 662 878 umbra
673 807 846 900 eruditus,
860 808 949 880 nihil
958 809 1057 907 quod
1071 831 1154 911 pro·

136 925 226 1026 ‘prie
241 921 288 994 ad
304 943 419 993 aevum
437 943 542 990 snum
561 920 754 1018 pertineret
779 921 853 993 sive
870 921 908 993 in
925 935 1004 995 toto
1022 949 1151 1024 opere,

147 1036 276 1110 sivein
295 1033 481 1133 praeceptis
500 1029 547 1104 ad
568 1031 906 1106 sermocinationem
930 1049 965 1106 et
987 1037 1154 1134 epistolas

147 1147 448 1239 accommodatis,
469 1145 656 1244 expressit3
677 1145 766 1219 alter
782 1161 921 1238 autem,
938 1149 1042 1220 sicuti
1062 1175 1156 1252 prae-

147 1264 363 1339 clarissimus
379 1261 434 1332 vir
450 1258 834 1332 communihominum
846 1261 926 1332 vitae
940 1277 976 1334 et
991 1287 1157 1338 commu-

147 1379 256 1452 nibus
285 1375 409 1450 olliciis
442 1375 580 1473 ingenti
611 1373 723 1470 gloria
754 1374 957 1467 immixtus,
993 1379 1157 1474 quamvis

149 1493 332 1567 Ciceronis
356 1487 537 1562 studiosus
564 1487 760 1560 admirator
783 1488 907 1579 luerit,
937 1515 1011 1562 non
1035 1505 1156 1566 tamen

148 1607 334 1682 Ciceronis
347 1627 581 1695 meram,nec
590 1601 663 1699 jam
675 1626 754 1674 eam
769 1627 847 1699 qnae
859 1603 997 1702 ingrato
1010 1605 1153 1700 saeculo,
1221 1599 1223 1604 ’

147 1720 261 1794 veluti
279 1718 442 1820 phoenix,
461 1741 481 1788 e
499 1713 677 1788 cineribus
703 1731 961 1805 renasceretur,
985 1717 1158 1818 eloquen-

146 1833 251 1924 tiam,
270 1831 375 1903 unice
393 1844 428 1902 et
446 1827 558 1927 rigide
576 1843 611 1900 et
626 1827 787 1900 absolute
804 1845 839 1899 et
854 1829 1028 1902 inutiliter
1043 1831 1158 1904 allec-

147 1947 254 2034 tavit,
281 1943 344 2016 sed
366 1940 589 2044 temporibus
621 1940 693 2012 suis
725 1939 891 2032 indulsit,
915 1956 950 2013 et
976 1941 1110 2014 idcirco
1137 1970 1159 2018 e

148 2059 257 2130 variis
274 2057 418 2129 dicendi
437 2055 625 2153 generibus
641 2056 858 2149 immixtam,
878 2056 952 2130 sive
970 2057 1006 2130 in
1024 2061 1162 2136 oratio·

150 2172 272 2263 nibus,
281 2172 355 2242 sive
364 2172 400 2242 in
413 2171 584 2270 epistolis,
599 2170 794 2242 dictionem
807 2169 891 2261 sibi,
903 2173 1038 2271 peritus
1050 2179 1162 2250 aetatis

155 2309 223 2358 suae
250 2286 457 2377 aestimator,
484 2285 631 2384 aptarit.
659 2287 722 2355 llae
752 2300 835 2356 sunt
862 2287 1008 2384 quidem
1043 2315 1158 2362 causae

151 2401 379 2488 cur,hincC.
401 2403 432 2468 l.
454 2398 588 2488 Victor,
602 2397 773 2488 Gallicus,
794 2416 833 2472 ut
842 2401 1157 2496 videtur‚,rhetor,

148 2511 263 2610 rigida
287 2510 488 2583 scholastici
508 2511 666 2582 hominis
692 2515 899 2604 severitate,
929 2518 991 2614 qni
1018 2518 1159 2591 nullum

133 2641 358 2725 ’temporum
376 2649 524 2696 suorum
538 2624 662 2721 judicii
684 2623 885 2723 respectum
900 2625 1000 2718 lacit,
1016 2629 1160 2705 Cicero-

147 2736 1158 2840 nianretantummododoctrinaeamatorluissevideatur;
1235 2825 1242 2836 ,

130 2851 248 2924 'illinc
281 2849 537 2949 Symmachus,
573 2851 764 2923 Gallicanis
801 2855 934 2954 pariter
967 2857 1161 2934 innutritus

148 2963 295 3056 studiis,
310 2963 375 3036 sed·
391 2953 541 3035 lorensis
555 2965 635 3036 vitae
647 2964 839 3062 splendore
855 2981 890 3038 et
905 2971 1159 3067 experimentis

148 3079 299 3152 edoctus
312 3133 321 3170 ,
337 3079 529 3177 sapienter,
541 3079 662 3177 quoad
672 3079 782 3166 licuit,
794 3105 888 3153 sanae
900 3083 937 3154 in
950 3083 1156 3184 eloquendo

148 3195 371 3292 antiquitatis
388 3191 663 3265 admirationem
677 3210 784 3292 atque
800 3197 1049 3294 imitationem,
1072 3231 1156 3280 cum

148 3311 215 3382 aevi
238 3308 292 3380 sui
317 3309 355 3378 in
383 3304 537 3378 dicendo
566 3305 823 3406 loquendoque
849 3311 1157 3394 immutationibus

148 3421 388 3518 conjunxerit.
409 3423 461 3490 Ex
478 3443 551 3516 quo
569 3417 609 3490 lit
632 3435 671 3490 ut
682 3423 724 3490 C.
736 3425 766 3492 J.
780 3422 916 3516 Victor,
930 3447 1153 3528 quanquam,

149 3533 233 3606 etin
249 3547 326 3604 toto
344 3557 466 3632 opere,
483 3547 517 3603 et
528 3532 565 3603 in
575 3531 717 3605 duobus
729 3532 860 3606 ultimis
874 3535 920 3610 de
936 3544 1155 3620 sermocina-

146 3647 251 3720 tione
274 3672 315 3719 ac
338 3646 383 3718 de
407 3644 564 3745 epistolis
590 3645 782 3746 capitibus,
803 3647 893 3719 nihil
917 3649 1153 3756 plerumque,

148 3761 219 3833 nisi
246 3759 427 3831 sincerum
448 3783 608 3858 sanoque
622 3759 746 3857 judicii
764 3763 927 3835 examine
947 3765 1155 3846 collaudan-

148 3874 257 3966 dum,
270 3873 401 3972 sapiat,
420 3887 540 3947 tamen
557 3874 648 3946 nihil
664 3875 736 3949 sere
745 3931 754 3969 ,
768 3892 808 3948 ut
824 3903 916 3978 saepe
933 3883 1156 3961 animadver-

146 3988 273 4078 timus,
285 4011 357 4086 prae
366 3987 512 4078 scierat,
524 3989 623 4086 quod
635 3989 751 4061 saculi
764 3989 817 4061 sui
828 4011 989 4067 moreset
998 3995 1152 4096 ingenia,

96 4163 101 4177 .
145 4100 1157 4206 etindicendovirtutesetvitiaenuntietacpeouliaribus

145 4213 368 4313 quibusdam
397 4213 505 4311 signis
534 4215 711 4314 designet;
739 4219 975 4315 Symmachus
1008 4240 1150 4321 autern,
