2880 5058
676 437 725 456 ..
748 396 896 470 ‘tet-

417 767 440 854 s
458 773 487 830 2.
503 774 599 832 Pauca
611 784 711 832 nostro
725 769 787 846 itm
800 769 880 832 linito
893 767 989 830 labori
998 766 1138 842 abjecto.

325 1011 405 1080 lem
426 1030 536 1082 omne
554 1029 576 1080 e
592 1006 697 1080 nobis
713 1007 921 1080 imbertum
939 1029 1034 1104 opus
1044 1001 1278 1077 munem».

277 1119 750 1192 Uniret·eumtnmenil.lulii
757 1119 906 1192 Victoris
915 1117 1282 1212 :benetentumpn

276 1231 377 1306 &um
388 1233 579 1323 intuentes,
593 1257 668 1306 non
680 1257 871 1332 possumus
879 1231 965 1330 quin
973 1245 1172 1303 extremm
1182 1231 1281 1308 banc

276 1347 518 1420 cottcludendi
528 1347 704 1420 rationem
714 1347 827 1420 nostri
837 1345 970 1418 laboris
981 1343 1044 1416 fini
1056 1343 1277 1440 adjicientes.

274 1457 416 1531 Scilicet
439 1472 521 1556 poet
537 1461 708 1532 Senecam
725 1471 877 1556 patrem,
899 1471 982 1555 post
997 1454 1278 1549 Quintilianum,

271 1585 359 1668 post
374 1571 504 1670 dialogi
516 1585 699 1644 auctorem
716 1576 770 1643 De
787 1571 902 1643 onmis
917 1583 1094 1667 corrupte
1111 1567 1282 1666 eloquen-

277 1683 347 1773 nae,
374 1697 456 1779 poet
480 1682 632 1754 Plinium
656 1683 859 1775 iuniorem,
885 1697 971 1781 pest
994 1687 1215 1755 Frontonem
1242 1698 1278 1756 et

277 1809 414 1868 eeteros
430 1796 493 1892 qui
512 1794 689 1870 menen
714 1795 812 1868 inani
833 1795 1019 1892 antiquum
1033 1793 1277 1891 eloquentum

274 1908 458 2006 prosecuti
469 1923 570 2000 sunt,
593 1924 630 1982 et
646 1933 739 1982 vene
754 1933 817 2006 spe
834 1906 972 1980 indnoti
987 1907 1087 1978 illem
1099 1929 1275 1981 restorem

278 2033 517 2108 tornaverunt,
533 2045 631 2094 novo
657 2037 696 2094 et
720 2021 952 2094 nnnilestioni
971 2021 1081 2094 etiem
1096 2019 1277 2118 exemplo,

277 2133 362 2232 quein
375 2133 444 2207 illis
458 2135 691 2235 scriptoribus
703 2134 819 2208 multo
831 2134 956 2207 exilior
972 2149 1007 2206 et
1022 2133 1194 2205 humiliot·
1205 2147 1275 2227 cst,

278 2261 424 2322 testetur
433 2249 556 2321 Victor
569 2249 764 2340 neminem,
778 2249 943 2347 quemvis
956 2246 1138 2320 studiosus
1152 2247 1198 2318 sit
1211 2269 1281 2320 nn-

278 2361 591 2458 tiqnitatissentor,
610 2387 648 2434 se
663 2387 683 2434 e
696 2362 813 2436 soeeuli
826 2362 881 2434 eui
900 2361 1127 2459 ingeniorum
1143 2359 1282 2432 studio·

278 2499 432 2572 rumque
447 2476 540 2548 vitiis
560 2473 767 2548 abstrahere
783 2490 818 2548 et
830 2473 1052 2572 jamdudum
1067 2475 1277 2561 enstlnetem

278 2580 452 2656 tacundtae
484 2583 558 2656 vim
595 2584 725 2658 iterum
756 2582 971 2656 exsuscitare
996 2605 1115 2680 posse.
1138 2586 1281 2654 Fmstre

279 2695 375 2769 entm
399 2695 494 2768 dicet
518 2697 645 2796 aliquis
663 2698 730 2770 hos
748 2697 794 2770 de
811 2697 1001 2770 Rhetorica
1021 2699 1103 2768 nte
1127 2695 1281 2767 Victoris
1419 2761 1420 2764 ,

279 2811 610 2902 commentariolos,
620 2835 712 2909 quos
728 2810 919 2911 plerusque
936 2809 982 2882 ed
999 2808 1149 2882 verbum
1161 2833 1204 2880 ex
1216 2831 1281 2880 an-

279 2922 388 3020 tiquis
400 2923 607 2998 rhetoribus
619 2925 851 3022 transcripsit,
873 2924 911 2996 in
927 2949 1041 2996 unum
1058 2920 1282 2994 eodieisrbe·

280 3035 384 3107 turici
399 3061 531 3133 corpus
550 3037 697 3110 forsitan
716 3037 821 3110 luisse
835 3052 1082 3136 congregatos,
1098 3051 1141 3108 ut
1153 3059 1281 3108 senen

280 3145 368 3220 dum
381 3147 602 3220 Gallicorum
618 3149 763 3222 dicendi
779 3150 1030 3246 magistrorum
1049 3170 1201 3240 morem,
1216 3173 1280 3220 eeu

279 3259 387 3334 veluti
415 3263 578 3336 oratoriae
595 3263 791 3363 discipilum
813 3263 1023 3338 brevissima
1038 3262 1140 3336 initia
1154 3263 1279 3360 copio-

278 3374 351 3448 eins
375 3375 544 3476 deinceps
569 3379 649 3452 riva
674 3377 883 3478 professoris
911 3401 1001 3450 vooe
1022 3390 1059 3448 et
1082 3375 1282 3448 leotrndinri

278 3511 400 3560 rerum
425 3489 744 3588 exemplorumque
769 3505 886 3588 segete
908 3503 1193 3580 exornarentnr3
1218 3513 1280 3560 sen

278 3599 389 3672 veluti
413 3600 586 3676 uberioris
605 3602 862 3702 explicationis,
883 3603 987 3698 cujus
1000 3625 1070 3702 ope
1086 3599 1279 3698 discipulus

280 3711 503 3788 edocuernnt
535 3715 720 3806 rhetores,
747 3716 941 3790 summarie
974 3727 1276 3814 proponerentur.

278 3825 331 3898 lte
360 3849 397 3898 se
421 3827 570 3923 quidem
594 3828 727 3902 bebere
740 3830 898 3927 potuisse
915 3853 991 3902 rent
1008 3847 1084 3900 non
1101 3851 1168 3924 ego
1189 3823 1280 3898 nnn

279 3951 375 4030 tear3
395 3939 484 4010 nihil
496 3941 592 4012 enim
609 3941 726 4015 obstat
744 3942 940 4038 quominus
954 3941 1179 4040 suspicemur
1195 3939 1277 4010 Vio-

279 4053 366 4124 toris
382 4052 428 4126 de
441 4053 628 4128 Rhetorice
638 4059 720 4126 Arte
731 4054 862 4126 librum
873 4079 947 4128 non
958 4054 1056 4127 aliud
1068 4078 1158 4141 esse,
1173 4075 1279 4150 quem

279 4162 434 4240 breviter
459 4183 623 4268 excerpta
640 4166 804 4266 quaedam
822 4194 842 4243 e
858 4169 1060 4243 clarissimis
1076 4164 1280 4240 rhetoribus
