2880 5058
672 319 894 394 -l08-

284 493 342 542 res
365 469 497 544 multos
512 469 656 560 habuit,
676 493 808 568 nempe
821 467 1034 563 Ausonium,
1050 469 1286 562 llecrobium‚

287 583 531 674 Ambrosium,
543 580 1003 671 Paulinum,Prudentium,
1020 583 1287 680 Cassiodorum,

282 696 490 787 Sidonium,
510 709 694 768 auctorem
709 693 756 767 de
770 697 938 793 promiss.
952 699 1014 784 D.,
1029 698 1171 768 Graecos
1183 697 1290 770 etiam

286 807 495 900 libanium,
529 809 713 878 Socratem
746 822 854 903 atque
884 807 1096 899 callixtum,
1129 808 1290 907 aliosque

283 920 489 1020 complures
504 921 718 1010 neotericos,
738 919 833 1017 ipse¹
849 919 886 989 in
904 917 1054 1018 epistola
1069 920 1116 992 ed
1127 920 1292 1016 ignotum

284 1033 390 1106 nobis
404 1032 591 1105 hominem
609 1032 739 1129 scripta
756 1044 904 1102 testatur
918 1056 957 1103 se
973 1030 1164 1106 Gallicanae
1174 1033 1293 1105 facun-

285 1145 352 1219 diae
376 1146 524 1218 haustus
556 1146 750 1243 requirere.
778 1173 796 1212 κ
814 1147 894 1214 Non
922 1144 1046 1241 quod,
1073 1145 1209 1243 inquit,
1237 1145 1293 1217 his

284 1274 423 1358 septem
440 1257 626 1330 montibus
650 1256 857 1354 eloquentia
876 1257 1024 1328 Latiaris
1038 1258 1210 1350 excessit,
1230 1257 1294 1330 sed

284 1374 368 1470 quia
380 1386 555 1471 praecepta
569 1371 754 1444 rhetoricae
762 1395 870 1442 senex
882 1369 969 1442 olim
982 1374 1174 1443 Garumnae
1183 1370 1295 1444 alum·

284 1510 353 1556 nus
365 1484 549 1556 immulsit.
567 1488 628 1555 Est
641 1483 730 1555 mihi
745 1508 829 1554 curn
845 1483 977 1556 scholis
992 1484 1117 1556 vestris
1133 1507 1199 1581 per
1212 1482 1295 1556 doc·

285 1612 401 1670 torem
412 1599 508 1694 justa
521 1599 703 1693 cognatio.
715 1596 941 1694 Quicquidin
955 1623 1014 1670 me
1024 1612 1090 1688 est,
1104 1596 1206 1694 quod
1220 1598 1294 1669 scio

286 1737 397 1810 quam
413 1713 458 1782 sit
474 1712 661 1808 exiguum,
681 1710 774 1782 coelo
789 1726 852 1784 tuo
869 1712 1000 1786 debeo.
1018 1714 1103 1810 [liga
1121 1737 1190 1784 nos
1208 1736 1293 1808 ergo

286 1823 409 1897 denuo
429 1849 470 1895 ex
488 1823 557 1896 illis
579 1827 738 1896 camenis
759 1849 838 1921 quae
855 1824 943 1896 mihi
961 1823 1016 1896 lac
1032 1824 1215 1928 bonarum
1236 1849 1294 1896 ar-

287 1941 378 2013 tium
391 1942 548 2039 primum
561 1939 753 2014 dederunt.
766 1969 783 2010 u
798 1945 943 2028 Quanta
956 1940 1175 2038 Symmacho
1191 1940 1296 2013 luerit

287 2079 371 2126 cum
383 2053 579 2127 illustribus
596 2054 718 2126 Galliae
730 2056 815 2126 viris
826 2068 861 2126 et
873 2054 1129 2152 scriptoribus,
1148 2077 1190 2126 ac
1206 2077 1296 2153 prae·

288 2170 392 2269 cipue
402 2193 486 2240 cum
496 2169 666 2259 Ausonio,
675 2168 1298 2241 sermonisfamiliaritaslitterarum·
1419 2143 1420 2168 ³

288 2281 687 2380 quesocictasplurimae
696 2278 1164 2380 illius'epistolaetestantur.
1176 2285 1297 2368 Quum
1419 2311 1420 2368 3

163 2387 166 2396 ’
290 2410 411 2467 autem
433 2393 581 2491 alioqui,
605 2409 645 2466 ut
678 2419 786 2492 supra
811 2395 1017 2485 innuimus,
1041 2393 1298 2491 Symmachum

262 2522 428 2608 pateat,
449 2507 592 2580 Gallicae
620 2507 796 2580 facundiae
825 2508 952 2581 studiis
978 2509 1206 2597 innutritum,
1230 2507 1297 2580 Pli-

289 2621 389 2692 niani
406 2620 583 2718 praecipue
605 2621 642 2690 in
663 2620 857 2692 scribendo
882 2620 1014 2718 leporis
1040 2635 1240 2694 amatorem
1265 2633 1299 2692 et

290 2732 460 2805 aemulum
477 2733 603 2824 luisse,
624 2734 681 2804 cui
707 2734 881 2833 temporis
908 2733 963 2804 sui
979 2733 1127 2805 virtutes
1151 2747 1188 2804 et
1214 2733 1298 2804 vitia

295 2845 458 2946 quaedam
474 2845 512 2915 in
529 2845 722 2918 scribendo
740 2846 887 2942 adjecit,
909 2869 1117 2943 quanquam
1147 2859 1299 2917 monetae

294 2959 425 3029 veteris
449 2973 630 3056 spectator
657 2982 779 3055 aequus
808 2972 844 3030 et
865 2956 997 3053 judex,
1029 2957 1211 3055 poeticum
1238 2957 1301 3030 sci·

291 3069 375 3140 licet
394 3068 676 3167 descriptionum
706 3070 886 3159 nitorem,
914 3069 1129 3142 densitatem
1157 3084 1300 3141 senten·

292 3182 436 3268 tiarum,
456 3181 683 3253 altitudinem
708 3205 892 3273 sensuum,
920 3181 1174 3254 translatorum
1193 3180 1302 3252 licen·

293 3294 393 3385 tiam,
412 3294 606 3394 plurimum
633 3295 766 3394 ingenii
792 3286 964 3386 acumen3
992 3319 1034 3366 ex
1048 3296 1126 3394 ipso
1144 3297 1302 3391 Symma-

294 3408 352 3480 chi
362 3407 906 3508 exemplo,Galliarumalumni,
918 3410 1185 3507 magnopereC.
1201 3405 1303 3478 Plinii

292 3520 331 3592 in
349 3521 568 3594 Gallicorum
585 3522 770 3594 rhetorum
798 3520 930 3594 scholis
956 3519 1100 3592 laudern
1128 3532 1164 3591 et
1185 3533 1303 3591 aucto-

294 3635 435 3707 ritatem
453 3662 488 3706 rv
504 3637 613 3708 etiam
631 3635 760 3707 saeculo
779 3634 986 3707 inclaruisse
999 3647 1152 3708 constat.

345 3746 454 3834 Quod
479 3773 592 3844 quum
613 3748 662 3820 ita
680 3749 745 3840 sit,
765 3763 801 3820 et
816 3772 931 3846 quum
955 3747 1159 3845 ceteroqui,
1180 3758 1220 3814 ut
1236 3743 1303 3815 ini·

339 3922 367 3979 l.
390 3920 426 3993 Q.
447 3917 549 3979 Aurel.
564 3918 730 3997 Symmach.
749 3921 844 3996 Epist.
860 3922 916 3994 tv,
932 3939 1052 3982 cxxxvi.

338 4011 367 4070 2.
393 4007 557 4086 symmach.
573 4009 667 4084 Epist.
682 4011 713 4079 1,
732 4003 1303 4088 m1·xn111,interquasepistolaxxxm

301 4097 423 4158 Ausonii
436 4097 472 4158 ad
487 4097 702 4177 Symmachum.
