2880 5058
657 391 880 464 -i2l—

268 539 380 632 ribus,
401 537 586 614 celebrari.
611 541 685 611 Nee
701 537 819 611 solum
839 563 1060 632 memorem,
1081 541 1270 617 sedetiam

268 651 449 745 disertam,
464 667 499 726 et
515 651 675 725 lucidam
692 667 728 725 et
743 677 877 726 canoro
898 653 994 727 cultu
1012 655 1196 754 praeditam
1213 657 1271 730 la-

267 766 1268 866 cundiam,inpraceptoribusiisdemexstitissetestisest.

268 879 376 968 Quod
388 879 550 979 proiecto
562 879 714 952 laudatae
729 879 902 953 facundiae
915 905 1026 979 genus
1040 881 1087 954 ad
1102 881 1177 954 duo
1187 881 1273 956 illas

267 991 462 1090 eloquendi
487 993 634 1064 virtutes
660 989 784 1066 reduci
807 1007 942 1094 potest,
968 1019 1073 1093 quas,
1094 1009 1136 1068 ut
1162 1021 1273 1096 supra

269 1105 547 1177 memoravimus
557 1109 584 1197 ¹,
599 1105 746 1204 proprie
756 1107 897 1208 Gallico
904 1108 1061 1181 sermoiri
1076 1108 1272 1205 assignavit

269 1217 522 1314 Hieronymus,
539 1243 581 1290 ac
595 1219 765 1314 gravitate
782 1223 943 1292 Romana
957 1219 1181 1294 condiendas
1197 1245 1274 1294 esse

269 1331 420 1402 censuit.
446 1331 571 1402 Merito
589 1331 736 1428 quidem
756 1331 817 1405 hic
835 1333 1016 1422 censebat,
1035 1333 1066 1403 si
1082 1351 1160 1404 nco
1175 1332 1276 1430 jam-

271 1441 410 1514 dudum
437 1445 598 1518 llomana
628 1444 849 1542 eloquentia,
876 1459 915 1516 ut
941 1446 1017 1544 ipse
1038 1445 1276 1543 Symmachus

269 1555 579 1653 conquerebatur,
609 1557 763 1630 multum
794 1558 839 1629 de
872 1559 1060 1630 sermonis
1075 1558 1273 1654 integritate

270 1670 461 1758 amisisset;
482 1693 566 1742 uam
579 1654 701 1742 omnia
713 1695 792 1774 quae
807 1669 913 1742 nobis
924 1669 1051 1742 Gallici
1066 1671 1273 1744 indicendo

270 1767 409 1878 generis
423 1797 673 1876 monumenta,
690 1807 754 1856 seu
770 1783 977 1882 panegyrici
993 1807 1191 1874 sermones,
1207 1807 1272 1854 seu

270 1895 446 1988 carmina,
470 1922 532 1970 seu
553 1881 729 1997 epistolae,
748 1923 811 1972 seu
827 1921 937 1997 opera
954 1897 1042 1990 alia,
1064 1911 1270 1996 supersunt,

272 2003 471 2078 ubertatem
484 2007 600 2080 ‚istam
620 2019 656 2078 et
677 2007 785 2078 istum
802 2007 958 2078 nitorem
983 2006 1102 2078 autin
1126 2006 1276 2076 nimiam

168 2121 173 2128 '
270 2115 464 2191 verborum
479 2119 750 2193 exuberantiam
768 2120 1005 2210 redundasse,
1024 2133 1086 2192 aut
1103 2121 1139 2190 in
1157 2119 1278 2216 exqui-

270 2230 430 2304 sitiorem
449 2232 592 2306 dicendi
611 2246 821 2332 apparatum
847 2248 883 2306 et
904 2233 1041 2306 cultum
1058 2231 1188 2304 abiisse
1207 2246 1277 2304 tes-

271 2357 404 2416 tantur.
424 2344 520 2432 Quid
538 2347 635 2416 euim
660 2345 816 2420 aliudin
845 2345 990 2442 regione
1018 2343 1096 2418 lieri
1119 2359 1276 2443 poterat,

272 2481 351 2554 quae
367 2455 628 2532 rhetoricorum
651 2458 829 2556 quotidie,
853 2472 893 2530 ut
912 2458 1143 2554 Hieronymi’
1159 2457 1278 2532 verbis

269 2583 368 2660 utar,
401 2570 557 2644 clamore
584 2570 827 2670 personabat?
854 2559 963 2658 Quod
995 2569 1071 2666 ipse
1098 2571 1278 2642 Ausonius

274 2684 497 2782 aliquatenus
512 2671 683 2782 agnoscit,
694 2707 807 2786 quum
823 2683 989 2781 Exuperii
999 2682 1107 2754 verba
1117 2683 1278 2778 ingentia

275 2813 312 2872 at
322 2799 463 2899 copiam
474 2799 685 2897 fandilonge
693 2797 1244 2900 pulcherrimamcommemorat
1252 2799 1276 2870 ⁸'.'

275 2917 418 3014 Quippe
428 2915 490 3012 qui
499 2915 606 3004 hauc,
616 2916 645 2985 si
654 2915 779 2988 auditu
790 2929 894 2988 tenus
907 2914 1098 3014 acciperes,
1109 2913 1279 2987 deilatam

274 3027 449 3126 placuisse
461 3027 627 3116 fateatur,
647 3028 843 3101 discussam
859 3052 945 3102 vero
967 3027 1073 3100 solidi
1093 3027 1183 3099 nihil
1205 3028 1280 3103 edi·

276 3139 371 3212 disse
388 3163 525 3212 sensus.
545 3143 710 3212 Ceterum
728 3163 841 3238 quum
864 3165 908 3214 ex
928 3141 1073 3242 Gallicis
1094 3142 1280 3241 scriptori·

275 3251 361 3346 bus,
387 3277 544 3351 quorum
566 3277 679 3326 unum
701 3248 943 3326 pictavensem
963 3253 1088 3326 divum
1103 3254 1278 3328 Hilarium

273 3365 409 3440 'Latinae
430 3366 641 3466 eloquentiae
659 3365 874 3442 Rhodanum
897 3367 1137 3470 Hieronymus
1155 3369 1280 3440 nomi-

262 3482 377 3574 ⁴uatl,
396 3495 475 3554 tum
495 3505 538 3554 ex
556 3481 682 3554 Gallici
702 3479 871 3562 cothurni
884 3465 1148 3578 appellatione,
1169 3503 1279 3577 quam

317 3743 348 3803 ι.
368 3737 441 3799 vide
476 3743 568 3802 ,ιιι
721 3764 724 3775 ·
765 3803 768 3810 ,
1241 3799 1244 3810 ,

276 3829 284 3856 ²
318 3833 346 3890 2.
369 3831 408 3888 D.
424 3759 595 3908 Hibmnym.
617 3829 801 3890 Conrmentar.
827 3830 858 3886 iu
877 3826 959 3904 epist.
982 3826 1025 3890 ad
1043 3827 1158 3896 Galat,
1177 3822 1236 3890 tib.
1251 3825 1280 3883 ll

277 3937 342 3998 cap,
355 3939 401 3980 ιιι.

318 4011 348 4073 3.
369 4007 443 4068 Vide
457 4029 488 4088 p.
504 4011 573 4072 tat.
1219 4084 1222 4093 Ι

317 4099 347 4159 d.
370 4101 408 4163 D.
423 4097 593 4177 Hieronym.
619 4097 804 4156 commentar.
825 4103 855 4154 ht
875 4097 957 4174 epist.
972 4098 1015 4153 ad
1029 4093 1146 4170 Galat.)
1160 4091 1213 4153 lib.
1228 4094 1276 4166 11,

277 4209 341 4271 cap.
357 4209 403 4248 ιιι.
1079 4229 1080 4236 ,
