2880 5058
669 397 867 471 ...84-

264 557 308 625 Et
323 551 407 624 ideo
424 573 491 622 nec
504 547 653 620 historia
661 546 837 620 occultior
851 535 1030 638 addenda,
1046 571 1113 620 nec
1122 571 1269 647 proven

174 749 176 758 ,
262 665 364 738 bium
377 662 544 762 ignotius,
559 659 781 734 antverbum
797 660 980 752 curiosius,
992 675 1054 733 aut
1072 660 1187 758 figura
1203 683 1268 759 pu·

262 777 392 869 tidior;
413 799 531 873 neque
554 773 643 846 dum
667 788 858 873 amputatae
873 773 1039 846 brevitati
1056 773 1192 864 studes,
1212 772 1269 845 di-

262 889 418 963 midiatae
436 887 619 960 sententiae
635 886 680 958 sit
703 887 934 984 intelligentia
957 887 1186 985 requirenda,
1203 911 1269 960 uec

261 1003 435 1075 dilatione
452 999 648 1073 verborum
673 1014 709 1072 et
735 1002 843 1073 anxio
871 999 1032 1074 struendi
1056 999 1179 1073 labore
1208 998 1269 1071 lux

263 1115 459 1188 obruenda.
470 1112 642 1213 Epistola,
654 1112 684 1184 si
697 1113 874 1210 superiori
887 1110 1033 1205 scribas,
1048 1137 1093 1184 ne
1101 1112 1270 1209 jocularis

134 1251 137 1258 ’
262 1229 327 1319 sit3
348 1228 378 1298 si
394 1227 485 1326 pari,
504 1250 551 1298 ne
568 1223 786 1315 inhumana;
806 1225 834 1296 si
853 1225 1026 1318 inferiori,
1040 1250 1086 1296 ne
1098 1223 1266 1324 superba,

261 1363 380 1438 neque
398 1338 509 1410 docto
526 1337 724 1430 incuriose,
745 1361 863 1435 neque
888 1337 1038 1409 indocto
1057 1336 1266 1434 diligenter;

261 1478 329 1526 nec
345 1451 639 1550 conjunctissimo
653 1450 880 1543 translaticie,
891 1475 959 1522 nec
973 1451 1093 1522 minus
1105 1450 1269 1524 familiari

261 1591 336 1638 non
355 1567 482 1638 amice.
504 1569 591 1637 llent
618 1563 813 1636 secundam
829 1563 1001 1664 prolixius
1018 1562 1210 1660 gratulare,
1228 1577 1268 1636 ut

261 1678 355 1752 illius
372 1677 541 1774 gaudium
560 1675 708 1749 extollas
728 1705 737 1748 ε
758 1703 871 1775 quum
889 1676 1052 1750 oliendas
1068 1676 1267 1770 dolentem,

260 1789 423 1889 pauculis
447 1786 647 1879 consolare,
666 1789 768 1887 quod
796 1791 897 1862 ulcus
922 1790 1029 1862 etiam
1056 1788 1272 1889 complana

261 1937 371 1986 manu
384 1912 552 2010 tangitur,
568 1927 789 1986 cruentatur.
805 1917 858 1986 lta
868 1913 905 1986 in
921 1912 1047 1985 litteris
1064 1937 1149 1984 cum
1168 1911 1272 1986 fani·

260 2026 407 2100 liaribus
426 2026 540 2116 ludes,
561 2042 601 2099 ut
626 2040 747 2101 tamen
773 2028 906 2124 cogites
922 2051 1029 2126 posse
1052 2027 1212 2119 evenire,
1232 2040 1272 2098 ut

260 2165 321 2214 cas
343 2140 474 2212 litteras
494 2139 613 2237 legant
629 2154 793 2238 tempore
818 2140 984 2212 tristiore.
1005 2140 1144 2235 Jurgari
1173 2165 1270 2210 nun·

261 2277 371 2349 quam
396 2267 558 2352 oportet,
589 2252 652 2326 sed
674 2252 833 2352 epistolae
855 2253 1015 2323 minime.
1044 2252 1271 2326 Praelationcs

262 2389 303 2436 ac
320 2363 601 2462 subscriptiones
617 2364 815 2438 litterarum
833 2364 1086 2465 computandae
1101 2380 1186 2436 sunt
1202 2389 1269 2464 pro

263 2477 471 2550 discrimine
500 2478 662 2551 amicitiae
687 2494 749 2552 aut
777 2481 971 2577 dignitatis,
990 2480 1112 2552 habita
1132 2481 1271 2554 ratione

261 2591 545 2664 consuetudinis.
567 2594 773 2666 Rescribere
799 2595 850 2666 sic
877 2609 1035 2694 oportet,
1057 2608 1098 2667 ut
1125 2593 1267 2681 litterae,

262 2707 393 2806 quibus
409 2708 606 2807 respondes
622 2733 696 2808 prae
715 2733 826 2781 manu
844 2710 928 2799 sint,
948 2708 1098 2806 nequid
1118 2709 1176 2780 cui
1196 2733 1270 2780 res-

262 2819 392 2920 ponsio
416 2845 509 2920 opus
532 2821 588 2913 sit,
609 2822 655 2894 de
670 2824 845 2895 memoria
868 2824 1000 2896 eiiluat.
1022 2821 1271 2894 Observabant

261 2949 399 3006 veteres
410 2936 598 3008 carissimis
613 2960 677 3008 sua
688 2963 799 3009 manu
815 2936 983 3027 scribere,
998 2935 1055 3008 vel
1072 2935 1269 3034 plurimum

262 3045 499 3118 subscribere.
511 3049 838 3122 'Commendatitias
852 3049 1004 3123 fideliter
1020 3050 1124 3140 dato,
1145 3064 1209 3121 aut
1224 3073 1271 3120 ne

262 3158 362 3231 dato.
385 3159 425 3230 ld
442 3158 516 3250 liet,
536 3162 565 3233 si
582 3161 794 3234 amicissime
814 3162 916 3234 dabis
936 3164 981 3235 ad
999 3162 1268 3252 amicissimum,

262 3288 298 3346 et
315 3274 343 3345 si
360 3272 547 3372 probabile
563 3290 675 3374 petes,
695 3289 730 3348 et
756 3276 784 3347 si
813 3274 1046 3374 impetrabile.
1067 3278 1189 3348 Graece
1207 3275 1271 3347 ali-

262 3386 351 3485 quid
370 3386 503 3458 addere
521 3387 645 3460 litteris
663 3413 772 3462 suave
787 3403 852 3478 est,
874 3389 903 3460 si
931 3388 968 3459 id
993 3412 1111 3485 neque
1138 3388 1270 3460 intem-

262 3502 398 3599 pestive
411 3527 528 3601 neque
545 3501 673 3575 crebro
691 3501 796 3577 iacies
814 3532 822 3574 :
842 3518 877 3575 et
895 3501 1089 3602 proverbio
1119 3502 1169 3573 uti
1194 3525 1269 3574 non

261 3613 387 3710 ignoto
415 3616 716 3715 percommodum
736 3631 801 3710 est,
823 3632 859 3689 et
876 3613 1051 3689 versiculo
1081 3629 1144 3688 aut
1169 3629 1271 3714 parte

262 3751 398 3799 versus.
414 3729 591 3827 Lepidum
603 3745 657 3802 est
670 3755 933 3828 nonnunquam
944 3730 1046 3829 quasi
1059 3744 1270 3828 praesentem

262 3838 410 3937 alloqui,
431 3842 484 3912 uti
500 3841 585 3913 heus
608 3858 645 3915 tu
654 3841 666 3914 l
694 3858 731 3916 et
748 3842 836 3942 quid
849 3847 932 3915 aas?
955 3858 990 3916 et
1007 3841 1102 3915 utiieo
1123 3858 1157 3912 te
1176 3840 1270 3912 deri·

258 3951 345 4026 dere
365 3978 372 4024 ε
393 3953 494 4053 quod
520 3979 633 4053 genus
660 3958 757 4058 apud
784 3962 832 4032 tt.
850 3958 1005 4031 Tullium
1032 3957 1144 4030 multa
1172 3967 1267 4054 sunt.

260 4066 332 4140 Sed
349 4065 438 4160 haec,
456 4082 495 4139 ut
513 4069 598 4160 dixi,
617 4070 655 4142 in
673 4069 904 4143 familiaribus
919 4072 1043 4143 litteris
1066 4097 1074 4141 :
1092 4093 1178 4141 nam
1201 4067 1272 4140 illa·

262 4207 343 4254 rum
361 4179 511 4256 aliarum
527 4184 698 4257 severitas
714 4183 829 4281 major
844 4199 918 4296 est..
927 4189 966 4258 ln
985 4205 1127 4256 summa
1143 4181 1182 4254 id
1195 4203 1271 4254 me·
