2880 5058
515 373 736 448 -l29—

123 663 195 734 qua
211 637 309 736 apud
323 637 527 737 pedaneum
541 636 714 732 judicem,
734 651 774 707 ut
789 637 835 708 ait
853 640 895 708 C.
913 638 1025 710 Julius
1045 627 1129 713 Vic‘ss

123 767 182 826 tor
192 759 216 842 ¹,
234 767 271 824 et
285 752 332 824 ad
345 751 656 824 sermocinationis
668 750 785 832 vicem
804 749 974 848 depressa
989 754 1130 827 actione

124 881 336 955 tractarent3
354 865 411 938 vel
423 864 470 938 ad
487 887 596 938 vanas
609 863 822 962 plerumque
834 863 910 935 illas
924 879 960 936 et
977 864 1131 940 humiles

124 985 272 1052 Petrum
300 981 594 1077 Conscriptorum
618 976 891 1049 deliberationes
916 979 1134 1053 revocaban-

124 1107 198 1182 tur,
217 1093 347 1190 quihus
366 1091 497 1162 frustra
512 1090 722 1188 dignitatem
740 1103 776 1161 et
792 1092 1030 1189 plastentiam
1042 1093 1134 1188 jam-

126 1204 267 1276 dudum
286 1204 486 1276 obsoletam
500 1227 674 1278 renovare
691 1216 726 1274 et
743 1202 781 1274 in
799 1203 1022 1275 orationibus
1038 1220 1073 1276 et
1095 1206 1133 1277 in

130 1317 287 1417 epistolis
302 1317 536 1416 Symmachus
548 1332 601 1389 est
616 1330 779 1388 conatus.
798 1321 879 1388 Hoec
899 1315 1073 1390 hacteuus
1090 1318 1136 1392 de

127 1432 307 1523 materiis,
341 1457 439 1529 quae,
477 1455 514 1502 ιν
549 1428 697 1522 saeculo,
742 1429 891 1501 lorensis
925 1429 1137 1529 eloquentiae

129 1569 260 1644 campo
278 1559 314 1618 et
332 1531 423 1616 verae
439 1545 485 1616 de
501 1544 594 1616 veris
610 1541 716 1615 rebus
733 1542 905 1615 facundiae
925 1569 1032 1640 gyro,
1059 1558 1138 1617 tum

128 1661 168 1732 in
187 1659 312 1730 ceteris
330 1659 481 1730 Romani
498 1657 637 1756 imperii
652 1655 829 1756 partibus,
846 1672 923 1729 turn
941 1659 978 1728 in
996 1658 1135 1748 Galliis,

130 1787 351 1846 conservatae
369 1787 482 1843 erant.

181 1889 260 1956 Jam
275 1899 406 1954 cuncta
422 1905 536 1981 prope
549 1880 767 1952 Gallicorum
779 1878 962 1951 rhetorum
982 1897 1017 1953 et
1034 1885 1140 1956 virtu·

132 2013 210 2070 tum
226 2010 261 2068 et
279 1996 449 2067 vitiorum
463 1992 613 2090 insignia
629 1991 730 2062 brevi
747 1991 906 2088 quodam
920 1995 1035 2091 spatio
1052 2020 1140 2067 con·

134 2110 318 2194 traximus.
336 2113 502 2195 Quorum
521 2106 550 2176 si
568 2119 737 2203 practerea
750 2119 846 2177 certa
862 2107 993 2199 studia,
1012 2122 1047 2178 et
1064 2132 1142 2180 mo.

133 2248 204 2313 res,
216 2235 252 2292 et
269 2220 472 2316 religiones,
489 2231 524 2289 et
537 2216 790 2314 quotidianum
808 2219 953 2291 vivendi
966 2245 1090 2316 genus,
1107 2237 1142 2295 et

134 2332 384 2407 conditionem
394 2329 717 2429 perstrinxerimus,
731 2355 840 2402 omne
854 2345 1029 2430 punctum
1044 2358 1144 2433 paene

136 2445 336 2536 tulerimus,
368 2445 465 2518 unde
495 2444 579 2517 dein
605 2468 643 2514 tv
668 2446 787 2517 saeculi
813 2447 968 2519 Gallicos
1001 2449 1146 2523 dicendi

137 2576 374 2661 praeceptores
403 2583 487 2633 cum
514 2558 660 2629 Victore
691 2571 816 2630 nostro
845 2561 1006 2632 conferre
1032 2564 1147 2660 possi-

138 2701 231 2748 mus.

187 2787 317 2860 Cuncti
328 2787 352 2857 ii
369 2785 548 2876 rhetores,
566 2783 611 2856 de
626 2783 757 2883 quibus
770 2810 887 2883 pauca
902 2787 1007 2860 nobis
1020 2789 1147 2863 tradita

140 2915 246 2990 sunt,
275 2914 335 2970 aut
363 2922 519 2996 quorum
547 2899 679 2996 scripta
707 2897 844 2995 aliquot
873 2901 1145 2999 superfuerunt,

140 3019 345 3086 Graecarum
360 3012 557 3083 litterarum
573 3010 686 3084 multo
705 3011 823 3082 minus
836 3012 955 3085 tritam
974 3016 1149 3088 exercita-

140 3127 298 3215 tionem,
315 3127 491 3196 minorem
516 3149 634 3214 usum,
653 3138 689 3196 et
705 3124 914 3223 quotidiana
937 3128 1148 3201 tractatione

141 3240 387 3333 continuoque
409 3237 628 3308 commercio
656 3237 775 3308 minus
797 3236 942 3309 doctam
963 3223 1148 3336 experien-

142 3354 244 3440 tiam,
255 3375 364 3447 quam
377 3350 568 3448 scriptores
583 3349 747 3421 Ciceroni
759 3363 794 3421 et
805 3350 912 3422 etiam
925 3349 1148 3436 Quintiliano

142 3464 318 3561 aequales,
339 3463 519 3553 videntur,
542 3476 581 3532 ut
590 3463 665 3557 jam
683 3477 788 3534 antea
804 3461 941 3534 dictum
957 3464 1059 3535 estin
1077 3462 1149 3537 hoc

144 3577 340 3678 opusculo,
368 3575 546 3648 habuisse.
584 3575 666 3648 Scio
706 3576 874 3673 equidem
901 3574 1014 3648 multa
1042 3576 1177 3679 objici

144 3717 267 3793 posse,
285 3716 364 3789 quae
380 3689 512 3761 nostris
534 3687 580 3760 de
600 3687 669 3761 hac
687 3712 727 3760 re
747 3687 1050 3779 conclusionibus,
1074 3713 1149 3762 ncn

145 3805 368 3902 semelsupra
376 3803 562 3902 repetitis¹,
573 3800 716 3874 obstare
722 3803 923 3876 videantur.
937 3805 1148 3899 Ausonium,

189 4064 220 4122 l.
246 4063 278 4120 C.
301 4063 328 4118 J.
347 4058 440 4130 Vict,
455 4075 520 4136 cap.
536 4077 622 4128 xxrv,
638 4077 668 4135 p.
684 4060 754 4119 tte.

190 4157 221 4217 2.
245 4149 317 4210 Vide
330 4171 361 4229 p.
377 4149 484 4220 tt-503
498 4166 528 4225 p.
545 4150 583 4206 99
597 4149 666 4208 100.
