2866 5056
687 349 860 422 ..4-

271 527 346 575 non
359 526 452 574 unus
463 499 755 572 annumerandus
769 515 822 572 est
842 500 1142 600 Panegyricorum
1161 493 1284 599 scrip-

271 631 342 704 tor,
365 613 562 685 effloruisse
579 626 719 682 constat
732 615 753 681 ¹.
786 615 812 682 E
829 611 942 684 Gallia
959 627 1080 684 ortum
1096 638 1173 685 esse
1190 613 1287 691 Vic-

271 743 386 801 torem
405 752 449 798 eo
467 727 578 796 Maius
594 724 721 814 credit,
740 725 841 821 quod
858 725 940 796 Julii
955 748 1091 800 nomen
1110 742 1183 798 tam
1206 727 1284 799 fre·

272 859 422 942 quanter
444 867 464 913 a
490 842 575 913 Caio
600 841 693 912 Julio
717 846 852 914 Caesare
871 844 906 914 in
925 843 1039 916 Gallia
1056 843 1287 917 celebratum

271 958 460 1055 acceperit.
479 959 558 1043 Qua
577 955 724 1052 quidem
742 957 779 1026 in
798 983 836 1029 re
853 958 1092 1030 eruditissimo
1118 959 1194 1029 viro
1221 983 1285 1030 as·

272 1072 427 1160 sentior;
447 1083 500 1158 et,
517 1094 628 1165 quum
644 1068 733 1166 nihil
747 1071 834 1140 certi
848 1095 890 1142 ac
903 1071 1009 1169 plane
1026 1071 1201 1170 comperti
1219 1095 1288 1142 ne·

272 1207 342 1281 que
352 1208 395 1254 ex
405 1196 565 1254 veterum
576 1181 809 1274 testimoniis,
823 1208 941 1280 neque
953 1185 1157 1256 exVictoris
1167 1208 1287 1282 opere

272 1310 429 1384 eruatur,
446 1292 533 1364 nihil
546 1293 665 1391 potius
694 1293 806 1383 duco,
828 1319 938 1391 quam
961 1310 1000 1366 ut
1022 1295 1287 1370 verisimillima

273 1433 348 1482 esse
371 1405 553 1477 confidam
571 1431 649 1502 quae
668 1407 780 1478 Maius
796 1406 842 1478 de
861 1408 1012 1480 Victoris
1030 1409 1144 1507 patria
1160 1409 1286 1507 suspi-

272 1518 388 1591 canda
412 1519 614 1617 proposuit.
646 1523 736 1589 Item
761 1519 808 1590 de
835 1521 947 1617 ignoti
973 1521 1125 1592 rhetoris
1157 1536 1283 1614 aetate,

272 1635 358 1705 item
372 1631 417 1704 de
430 1633 556 1703 studiis
574 1642 609 1702 et
621 1633 758 1704 incerta
772 1633 851 1704 vitae
863 1634 1085 1708 conditione.
1100 1636 1288 1722 Quocirca

273 1746 406 1817 dicenti
431 1745 524 1816 Maio
551 1743 738 1816 credamus
765 1770 840 1816 non
867 1748 964 1845 prius
992 1749 1117 1819 Caium
1145 1746 1287 1821 lulium

272 1859 473 1950 Victorem,
500 1882 610 1955 quam
629 1883 673 1928 ·1v
699 1873 781 1958 post
806 1859 985 1933 Christum
1010 1876 1137 1933 natum
1162 1861 1287 1934 saeculi

274 1971 496 2071 temporibus
513 1972 658 2062 vixisse3
672 1986 797 2070 utpote
816 1973 916 2070 quod
936 1990 997 2046 aut
1019 1976 1094 2074 ipse
1113 1988 1174 2047 aut
1191 1974 1287 2048 alius

273 2087 388 2185 quivis
415 2087 563 2159 sortasse
590 2086 757 2183 antiquus
788 2087 937 2159 Victoris
963 2103 1157 2160 annotator
1175 2087 1286 2183 (nihil

274 2201 371 2271 enim
404 2200 577 2270 utrumvis
607 2199 767 2293 interest)
797 2200 889 2270 inter
915 2199 1076 2271 rhetores
1104 2199 1287 2297 equibus

275 2327 440 2409 excerpta
462 2311 626 2408 quaedam
649 2324 682 2381 et
701 2311 866 2382 translata
890 2311 1030 2382 suntin
1053 2311 1287 2386 Rhetoricam

274 2429 414 2517 Artem,
432 2424 477 2498 de
496 2447 568 2522 qua
586 2423 739 2520 agimus,
754 2423 931 2494 Titianum
949 2437 1011 2494 aut
1027 2424 1202 2520 majorem
1220 2439 1286 2498 aut

275 2543 453 2614 minorem
467 2538 658 2635 (majorem
672 2537 806 2636 potius,
821 2552 861 2608 ut
873 2537 965 2608 Maio
979 2537 1134 2634 videtur)
1147 2538 1182 2609 in
1201 2539 1285 2637 ipso

277 2655 394 2754 operis
423 2652 526 2724 titulo
554 2664 588 2722 et
613 2650 650 2720 in
678 2651 755 2748 ipsa
778 2648 849 2721 hue
874 2666 1107 2742 annumeret;
1125 2651 1286 2726 Titianus

277 2781 396 2840 autem
421 2782 571 2864 uterque
591 2789 667 2837 non
689 2764 788 2863 prius
807 2789 918 2861 quam
939 2790 977 2836 111
998 2778 1080 2863 post
1102 2763 1286 2840 Christum

277 2880 406 2958 saecuto
428 2880 601 2953 floruerit.
624 2877 733 2969 Quod
753 2902 839 2950 vero
856 2878 902 2949 ad
919 2878 1028 2949 vitam
1044 2880 1083 2948 C.
1101 2876 1182 2948 Julii
1199 2877 1284 2950 Vic-

278 2998 366 3078 toris
379 3011 528 3100 spectat,
542 2995 638 3068 idem
653 2994 766 3065 Maius
783 3017 858 3065 non
873 2991 1130 3064 abhorrentem
1148 3015 1169 3063 a
1187 2992 1287 3064 veri-

279 3115 385 3191 simili
413 3112 657 3208 conjecturam
682 3105 808 3199 credit,
835 3131 906 3204 qua
935 3105 1214 3178 videaturunus
1240 3130 1285 3178 ex

280 3226 560 3331 provincialibus
583 3225 640 3297 his
663 3225 699 3295 in
720 3222 834 3295 Gallia
860 3221 1055 3294 rhetorices
1078 3220 1288 3320 professori-

198 3355 200 3361 “
280 3344 366 3433 bus,
383 3341 445 3440 qui
461 3339 655 3411 oratoriam
676 3351 789 3409 artem
807 3337 843 3408 iu
858 3333 1133 3434 municipalibus
1154 3331 1287 3406 scholis

283 3457 519 3545 edocuerunt,
533 3457 551 3523 J
555 3451 616 3526 ulii
627 3452 719 3524 illius
728 3450 856 3522 Titiani
866 3475 968 3522 more
981 3449 1042 3545 qui
1056 3446 1102 3516 ab
1114 3445 1290 3522 Ausonio⁸

282 3596 381 3642 nuuc
402 3568 499 3669 apud
516 3568 782 3657 Visontionem,
803 3589 900 3635 nunc
926 3560 1022 3661 apud
1050 3559 1285 3656 Lugdunum,

284 3682 428 3755 dicendi
443 3679 567 3754 studiis
583 3680 736 3754 vicissim
752 3677 961 3777 praepositus
974 3674 1203 3748 consenuisse
1219 3688 1289 3746 tra·

285 3797 394 3870 ditur.

328 4057 357 4114 l.
380 4047 488 4121 Maius,
505 4047 616 4127 praelat.
632 4045 669 4108 atl
682 4043 860 4127 symmach,
875 4063 906 4124 p.
922 4063 1028 4104 xxvru.

328 4153 358 4209 ἢ.
385 4147 467 4208 Grat.
481 4155 536 4205 act.
549 4186 558 4220 ,
572 4139 656 4225 331.
