2866 5056
697 380 895 452 ...20-

285 529 445 619 brem,
479 529 654 628 propositi
682 527 839 621 habere,
871 527 940 601 nisi
969 541 1007 600 ut
1038 529 1237 628 praecipuas
1267 545 1303 602 et

284 643 399 718 eriam
425 641 683 738 vulgatissimas
706 642 850 716 dicendi
868 641 964 739 leges
981 641 1027 714 ad
1047 641 1190 738 juvenis
1206 643 1300 716 illius

282 753 531 851 (quicumque
564 755 630 851 sit)
662 755 881 827 intellectum
911 769 1026 852 aptet,
1056 755 1158 852 cujus
1188 758 1300 852 gratia

284 868 544 966 conscripsisse
560 866 693 940 librum
711 869 803 940 Maio
823 867 917 938 visus
936 882 988 938 est
1007 867 1142 939 Victor.

335 983 457 1068 Quem
472 979 620 1079 quidem
630 979 782 1054 rhetoris
796 980 908 1052 nostri
922 977 1043 1068 finem,
1057 978 1301 1055 humillimum

284 1093 465 1194 prolecto,
499 1091 563 1164 sed
588 1107 727 1164 certum
758 1107 793 1163 et
824 1093 923 1164 facile
947 1091 1234 1187 dignoscendum
1264 1109 1301 1166 et

280 1206 423 1303 ubique
434 1204 480 1276 ad
499 1229 556 1276 res
572 1204 608 1274 in
626 1205 699 1276 vita
716 1204 889 1301 gerendas
908 1203 1131 1294 traductum,
1148 1207 1176 1276 si
1194 1207 1301 1304 plane

168 1399 171 1408 ,
280 1314 597 1416 perspexerimus,
618 1315 872 1414 perspiciemus
899 1313 1003 1387 simul
1026 1341 1136 1412 quare
1155 1321 1301 1390 Herma·

281 1453 434 1524 goream
447 1426 588 1525 potius,
604 1451 712 1524 quam
724 1426 923 1500 Tullianam
945 1442 980 1498 et
995 1427 1188 1500 Fabianam
1205 1430 1299 1502 viam

283 1541 468 1636 ingressus
481 1541 544 1632 sit,
559 1565 634 1612 non
646 1541 758 1613 modo
772 1543 808 1613 in
823 1542 865 1613 iis
877 1565 956 1639 quae
970 1541 1015 1612 ad
1030 1541 1225 1616 rhetorices
1237 1541 1299 1616 de·

281 1652 504 1740 finitionem,
516 1652 581 1725 sed
594 1655 701 1748 etiam
715 1654 751 1726 in
766 1654 822 1725 his
834 1679 913 1752 quae
926 1653 973 1726 ad
985 1679 1174 1726 causarum
1187 1669 1299 1728 status

281 1781 325 1840 et
347 1766 544 1838 divisiones
574 1781 608 1838 et
634 1782 931 1862 argumentorum
956 1766 1058 1839 locos
1079 1769 1295 1842 reseruntur.

282 1881 460 1966 Quamvis
500 1879 598 1950 enim
628 1880 802 1952 acerrima
839 1879 1077 1978 philosophiae
1109 1881 1298 1980 sagacitate

284 2016 478 2064 causarum
499 1993 773 2064 constitutiones
794 1993 909 2064 Tullio
929 1992 1164 2089 disquirenti,
1185 1993 1296 2064 veris-

185 2118 187 2124 ’
281 2106 378 2180 sime
400 2106 586 2176 universos
610 2129 800 2178 causarum
821 2119 952 2193 status,
974 2104 1169 2201 dequibus
1188 2119 1298 2178 totae

282 2234 362 2292 tam
385 2219 525 2291 diversa
545 2218 708 2290 rhetores
722 2218 862 2315 antiqui
877 2241 897 2289 a
915 2217 1136 2305 Quintiliano
1155 2242 1298 2290 memo-

281 2334 356 2404 rati
372 2331 658 2428 disputaverunt,
677 2329 725 2402 ad
742 2332 810 2402 tria
825 2329 900 2401 haec
911 2332 1150 2426 quaestionum
1168 2353 1299 2425 genera

279 2468 351 2518 seu
370 2443 559 2516 rationales
576 2467 638 2516 seu
656 2441 786 2539 legales
803 2442 927 2515 reduci
941 2458 977 2515 et
991 2467 1095 2542 posse
1113 2457 1148 2514 et
1166 2441 1298 2516 debere

282 2557 507 2656 apparuerit,
534 2555 581 2628 ad
609 2557 857 2653 conjecturam
877 2557 1026 2648 scilicet,
1057 2555 1237 2646 ethnam,
1264 2572 1300 2630 et

283 2668 539 2766 qualitatem¹3
559 2659 724 2762 quamvis
736 2667 976 2755 Quintilianus
986 2669 1062 2766 ipse
1074 2693 1219 2740 assensu
1230 2693 1297 2742 suo

280 2781 444 2855 lucidam
474 2779 684 2852 brevitatem
711 2780 996 2880 appt·obaverit²,
1018 2805 1089 2877 qua
1110 2780 1235 2854 Cicero
1260 2783 1298 2856 in
1414 2773 1427 2848 s

283 2893 449 2966 virilibus
473 2893 520 2966 de
544 2897 695 2966 Oratore
720 2893 819 2966 libris
839 2917 881 2966 ea
902 2893 1135 2964 damnaverat
1159 2895 1298 2992 quaein

282 3004 614 3092 commentariolis,
636 3018 674 3074 ut
692 3006 762 3094 ait,
780 3029 800 3076 a
817 3030 931 3104 puero
949 3005 1127 3078 inchoatis
1144 3006 1191 3080 ab
1209 3011 1298 3078 Her·

285 3141 437 3214 magora
448 3130 701 3214 assumpserat,
714 3131 749 3189 et
761 3141 834 3214 qua
850 3118 889 3188 in
906 3119 972 3190 tria
987 3118 1063 3190 haec
1080 3121 1200 3190 sitne?
1212 3117 1302 3216 quid

281 3235 365 3304 ait?
381 3229 489 3330 quale
508 3231 581 3301 sit?
604 3253 839 3326 quaecumque
864 3246 926 3302 aut
953 3231 988 3302 in
1015 3232 1297 3304 controversiam

284 3359 351 3419 aut
365 3345 402 3415 in
421 3344 693 3416 contentionem
710 3344 888 3436 venirent,
906 3359 1144 3434 contraxerat,
1165 3329 1296 3416 nihilo·

284 3459 409 3534 mirans
432 3481 621 3530 causarum
646 3458 919 3530 constitutiones
942 3455 1126 3528 dividendi
1144 3457 1233 3530 ratio
1251 3455 1297 3530 ab

283 3577 510 3668 Hermagora
554 3571 713 3644 instituta
750 3597 872 3644 causas
914 3570 1111 3642 dicentium
1155 3571 1298 3644 utilitati
1423 3637 1424 3677 ἦ

284 3686 443 3758 maxime
470 3685 743 3761 accommodata
768 3699 856 3758 erat.
886 3683 995 3772 Quod
1027 3685 1102 3782 ipse
1134 3685 1294 3776 Tullius,

328 3865 429 3940 l-Cic.
440 3881 477 3937 de
488 3882 617 3957 Oratore,
629 3883 668 3954 11,
680 3883 771 3942 2536
781 3907 788 3957 ;
799 3883 835 3944 cl.
851 3885 963 3954 Orator,
975 3904 1038 3964 cap.
1048 3887 1097 3957 at,
1107 3883 1137 3942 in
1152 3903 1210 3962 quo
1222 3903 1295 3962 pau-

285 3967 383 4029 lulum
399 3968 496 4048 specle
510 3967 624 4028 diversa
643 3970 679 4029 de
693 3991 845 4031 causarum
860 3972 1014 4052 generibus
1029 3974 1130 4032 Cicero
1143 3971 1294 4053 proponit,

286 4079 393 4121 revera
404 4071 500 4117 autem
512 4059 594 4118 facile
604 4059 641 4118 ad
651 4060 783 4120 eamdem
797 4061 954 4139 disciplinae
965 4062 1107 4124 rationem
1117 4062 1293 4123 reducenda.

327 4165 362 4221 2.
384 4157 518 4236 Qatnu,
542 4161 600 4232 111,
627 4163 877 4237 e,sa-oo;1u,
903 4166 938 4238 a,
963 4149 1014 4224 so.
