<?xml version="1.0" encoding="UTF-8"?>
<!DOCTYPE html PUBLIC "-//W3C//DTD XHTML 1.0 Transitional//EN"
    "http://www.w3.org/TR/xhtml1/DTD/xhtml1-transitional.dtd">
<html xmlns="http://www.w3.org/1999/xhtml" xml:lang="en" lang="en">
 <head>
  <title>
</title>
<meta http-equiv="Content-Type" content="text/html;charset=utf-8" />
  <meta name='ocr-system' content='tesseract 3.04.00' />
  <meta name='ocr-capabilities' content='ocr_page ocr_carea ocr_par ocr_line ocrx_word'/>
</head>
<body>
  <div class='ocr_page' id='page_1' title='image "./decaiijuliivict00victgoog_0077.png"; bbox 0 0 2866 5056; ppageno 0'>
   <div class='ocr_carea' id='block_1_1' title="bbox 683 345 879 422">
    <p class='ocr_par' dir='ltr' id='par_1_1' title="bbox 683 345 879 422">
     <span class='ocr_line' id='line_1_1' title="bbox 683 345 879 422; baseline 0 -18"><span class='ocrx_word' id='word_1_1' title='bbox 683 345 879 422; x_wconf 71' lang='grc'>...64-</span> 
     </span>
    </p>
   </div>
   <div class='ocr_carea' id='block_1_2' title="bbox 273 487 1280 716">
    <p class='ocr_par' dir='ltr' id='par_1_2' title="bbox 273 487 1280 716">
     <span class='ocr_line' id='line_1_2' title="bbox 273 487 1279 595; baseline -0.018 -18"><span class='ocrx_word' id='word_1_2' title='bbox 273 503 305 578; x_wconf 87' lang='lat' dir='ltr'><strong>si</strong></span> <span class='ocrx_word' id='word_1_3' title='bbox 327 500 373 576; x_wconf 92' lang='lat' dir='ltr'><strong>ab</strong></span> <span class='ocrx_word' id='word_1_4' title='bbox 398 523 443 574; x_wconf 93' lang='lat' dir='ltr'><strong>eo</strong></span> <span class='ocrx_word' id='word_1_5' title='bbox 469 497 528 571; x_wconf 91' lang='lat' dir='ltr'><strong>die</strong></span> <span class='ocrx_word' id='word_1_6' title='bbox 552 519 627 595; x_wconf 94' lang='lat' dir='ltr'><strong>quo</strong></span> <span class='ocrx_word' id='word_1_7' title='bbox 654 493 859 592; x_wconf 74' lang='lat' dir='ltr'><strong>eloquentia</strong></span> <span class='ocrx_word' id='word_1_8' title='bbox 883 504 1009 592; x_wconf 89' lang='lat' dir='ltr'><strong>pacata</strong></span> <span class='ocrx_word' id='word_1_9' title='bbox 1032 501 1124 582; x_wconf 89' lang='lat' dir='ltr'><strong>erat,</strong></span> <span class='ocrx_word' id='word_1_10' title='bbox 1153 487 1193 560; x_wconf 93' lang='lat' dir='ltr'><strong>id</strong></span> <span class='ocrx_word' id='word_1_11' title='bbox 1226 499 1279 560; x_wconf 88' lang='lat' dir='ltr'><strong>est</strong></span> 
     </span>
     <span class='ocr_line' id='line_1_3' title="bbox 274 604 1280 716; baseline -0.013 -26"><span class='ocrx_word' id='word_1_12' title='bbox 274 637 446 716; x_wconf 88' lang='lat' dir='ltr'><strong>oppressa</strong></span> <span class='ocrx_word' id='word_1_13' title='bbox 456 625 493 684; x_wconf 91' lang='lat' dir='ltr'><strong>et</strong></span> <span class='ocrx_word' id='word_1_14' title='bbox 504 609 674 682; x_wconf 85' lang='lat' dir='ltr'><strong>exstincta</strong></span> <span class='ocrx_word' id='word_1_15' title='bbox 688 611 820 700; x_wconf 84' lang='lat' dir='ltr'><strong>Romae,</strong></span> <span class='ocrx_word' id='word_1_16' title='bbox 834 604 1009 678; x_wconf 87' lang='lat' dir='ltr'><strong>rarissime</strong></span> <span class='ocrx_word' id='word_1_17' title='bbox 1020 617 1082 676; x_wconf 92' lang='lat' dir='ltr'><strong>aut</strong></span> <span class='ocrx_word' id='word_1_18' title='bbox 1092 622 1280 700; x_wconf 87' lang='lat' dir='ltr'><strong>nunquam</strong></span> 
     </span>
    </p>
   </div>
   <div class='ocr_carea' id='block_1_3' title="bbox 275 713 1290 2402">
    <p class='ocr_par' dir='ltr' id='par_1_3' title="bbox 275 713 1290 2402">
     <span class='ocr_line' id='line_1_4' title="bbox 275 713 1277 826; baseline -0.015 -25"><span class='ocrx_word' id='word_1_19' title='bbox 275 729 445 826; x_wconf 83' lang='lat' dir='ltr'><strong>deinceps</strong></span> <span class='ocrx_word' id='word_1_20' title='bbox 472 723 574 796; x_wconf 90' lang='lat' dir='ltr'><strong>locus</strong></span> <span class='ocrx_word' id='word_1_21' title='bbox 596 722 661 794; x_wconf 86' lang='lat' dir='ltr'><strong>luit</strong></span> <span class='ocrx_word' id='word_1_22' title='bbox 680 720 893 819; x_wconf 82' lang='lat' dir='ltr'><strong>eloquentia</strong></span> <span class='ocrx_word' id='word_1_23' title='bbox 907 717 1057 814; x_wconf 90' lang='lat' dir='ltr'><strong>hujusce</strong></span> <span class='ocrx_word' id='word_1_24' title='bbox 1084 713 1277 804; x_wconf 84' lang='lat' dir='ltr'><strong>miraculis,</strong></span> 
     </span>
     <span class='ocr_line' id='line_1_5' title="bbox 275 828 1282 938; baseline -0.01 -26"><span class='ocrx_word' id='word_1_25' title='bbox 275 863 433 938; x_wconf 90' lang='lat' dir='ltr'><strong>quorum</strong></span> <span class='ocrx_word' id='word_1_26' title='bbox 464 833 704 908; x_wconf 81' lang='lat' dir='ltr'><strong>immortalem</strong></span> <span class='ocrx_word' id='word_1_27' title='bbox 733 833 927 931; x_wconf 73' lang='lat' dir='ltr'><strong>imaginem</strong></span> <span class='ocrx_word' id='word_1_28' title='bbox 956 830 992 902; x_wconf 95' lang='lat' dir='ltr'><strong>in</strong></span> <span class='ocrx_word' id='word_1_29' title='bbox 1019 828 1183 901; x_wconf 90' lang='lat' dir='ltr'><strong>oratoriis</strong></span> <span class='ocrx_word' id='word_1_30' title='bbox 1209 829 1282 902; x_wconf 90' lang='lat' dir='ltr'><strong>suis</strong></span> 
     </span>
     <span class='ocr_line' id='line_1_6' title="bbox 277 943 1284 1052; baseline -0.012 -27"><span class='ocrx_word' id='word_1_31' title='bbox 277 951 447 1051; x_wconf 83' lang='lat' dir='ltr'><strong>operibus</strong></span> <span class='ocrx_word' id='word_1_32' title='bbox 463 953 515 1020; x_wconf 90' lang='grc' dir='ltr'><strong>Μ..</strong></span> <span class='ocrx_word' id='word_1_33' title='bbox 531 946 665 1020; x_wconf 88' lang='lat' dir='ltr'><strong>Tullius</strong></span> <span class='ocrx_word' id='word_1_34' title='bbox 682 946 847 1037; x_wconf 86' lang='lat' dir='ltr'><strong>tradidit,</strong></span> <span class='ocrx_word' id='word_1_35' title='bbox 866 944 1118 1052; x_wconf 86' lang='lat' dir='ltr'><strong>sermocinatio</strong></span> <span class='ocrx_word' id='word_1_36' title='bbox 1144 957 1180 1014; x_wconf 92' lang='lat' dir='ltr'><strong>et</strong></span> <span class='ocrx_word' id='word_1_37' title='bbox 1206 943 1284 1041; x_wconf 77' lang='lat' dir='ltr'><strong>epi-</strong></span> 
     </span>
     <span class='ocr_line' id='line_1_7' title="bbox 277 1054 1283 1151; baseline -0.013 -13"><span class='ocrx_word' id='word_1_38' title='bbox 277 1063 377 1138; x_wconf 80' lang='lat' dir='ltr'><strong>stola</strong></span> <span class='ocrx_word' id='word_1_39' title='bbox 392 1061 517 1135; x_wconf 88' lang='lat' dir='ltr'><strong>saltem</strong></span> <span class='ocrx_word' id='word_1_40' title='bbox 540 1059 587 1131; x_wconf 92' lang='lat' dir='ltr'><strong>ad</strong></span> <span class='ocrx_word' id='word_1_41' title='bbox 605 1057 693 1131; x_wconf 94' lang='lat' dir='ltr'><strong>illud</strong></span> <span class='ocrx_word' id='word_1_42' title='bbox 711 1072 747 1130; x_wconf 92' lang='lat' dir='ltr'><strong>et</strong></span> <span class='ocrx_word' id='word_1_43' title='bbox 763 1056 906 1130; x_wconf 90' lang='lat' dir='ltr'><strong>dicendi</strong></span> <span class='ocrx_word' id='word_1_44' title='bbox 922 1072 959 1129; x_wconf 91' lang='lat' dir='ltr'><strong>et</strong></span> <span class='ocrx_word' id='word_1_45' title='bbox 975 1054 1155 1130; x_wconf 89' lang='lat' dir='ltr'><strong>scribendi</strong></span> <span class='ocrx_word' id='word_1_46' title='bbox 1172 1079 1283 1151; x_wconf 90' lang='lat' dir='ltr'><strong>genus</strong></span> 
     </span>
     <span class='ocr_line' id='line_1_8' title="bbox 276 1167 1284 1275; baseline -0.01 -25"><span class='ocrx_word' id='word_1_47' title='bbox 276 1175 401 1250; x_wconf 82' lang='lat' dir='ltr'><strong>referri</strong></span> <span class='ocrx_word' id='word_1_48' title='bbox 419 1187 593 1275; x_wconf 90' lang='lat' dir='ltr'><strong>possunt,</strong></span> <span class='ocrx_word' id='word_1_49' title='bbox 620 1170 720 1269; x_wconf 92' lang='lat' dir='ltr'><strong>quod</strong></span> <span class='ocrx_word' id='word_1_50' title='bbox 747 1196 935 1269; x_wconf 90' lang='lat' dir='ltr'><strong>nunquam</strong></span> <span class='ocrx_word' id='word_1_51' title='bbox 962 1171 1105 1260; x_wconf 90' lang='lat' dir='ltr'><strong>interit,</strong></span> <span class='ocrx_word' id='word_1_52' title='bbox 1126 1184 1161 1242; x_wconf 93' lang='lat' dir='ltr'><strong>et</strong></span> <span class='ocrx_word' id='word_1_53' title='bbox 1184 1167 1284 1268; x_wconf 90' lang='lat' dir='ltr'><strong>quod</strong></span> 
     </span>
     <span class='ocr_line' id='line_1_9' title="bbox 277 1283 1284 1388; baseline -0.008 -26"><span class='ocrx_word' id='word_1_54' title='bbox 277 1311 420 1388; x_wconf 85' lang='lat' dir='ltr'><strong>semper</strong></span> <span class='ocrx_word' id='word_1_55' title='bbox 447 1311 514 1358; x_wconf 88' lang='lat' dir='ltr'><strong>usu</strong></span> <span class='ocrx_word' id='word_1_56' title='bbox 534 1283 753 1357; x_wconf 90' lang='lat' dir='ltr'><strong>celebratum</strong></span> <span class='ocrx_word' id='word_1_57' title='bbox 780 1299 815 1356; x_wconf 92' lang='lat' dir='ltr'><strong>et</strong></span> <span class='ocrx_word' id='word_1_58' title='bbox 842 1283 1125 1382; x_wconf 82' lang='lat' dir='ltr'><strong>frequentatum,</strong></span> <span class='ocrx_word' id='word_1_59' title='bbox 1149 1283 1284 1356; x_wconf 89' lang='lat' dir='ltr'><strong>idcirco</strong></span> 
     </span>
     <span class='ocr_line' id='line_1_10' title="bbox 278 1395 1284 1495; baseline -0.005 -23"><span class='ocrx_word' id='word_1_60' title='bbox 278 1399 497 1490; x_wconf 82' lang='lat' dir='ltr'><strong>firmissim0‚</strong></span> <span class='ocrx_word' id='word_1_61' title='bbox 509 1413 544 1470; x_wconf 92' lang='lat' dir='ltr'><strong>et</strong></span> <span class='ocrx_word' id='word_1_62' title='bbox 560 1423 673 1495; x_wconf 92' lang='lat' dir='ltr'><strong>usque</strong></span> <span class='ocrx_word' id='word_1_63' title='bbox 686 1423 769 1470; x_wconf 89' lang='lat' dir='ltr'><strong>cum</strong></span> <span class='ocrx_word' id='word_1_64' title='bbox 783 1411 926 1468; x_wconf 81' lang='lat' dir='ltr'><strong>aetatum</strong></span> <span class='ocrx_word' id='word_1_65' title='bbox 937 1396 1159 1495; x_wconf 87' lang='lat' dir='ltr'><strong>singularum</strong></span> <span class='ocrx_word' id='word_1_66' title='bbox 1167 1395 1284 1470; x_wconf 87' lang='lat' dir='ltr'><strong>diver·</strong></span> 
     </span>
     <span class='ocr_line' id='line_1_11' title="bbox 279 1508 1286 1608; baseline -0.003 -23"><span class='ocrx_word' id='word_1_67' title='bbox 279 1512 441 1586; x_wconf 89' lang='lat' dir='ltr'><strong>sitatibus</strong></span> <span class='ocrx_word' id='word_1_68' title='bbox 469 1510 697 1601; x_wconf 77' lang='lat' dir='ltr'><strong>renovando,</strong></span> <span class='ocrx_word' id='word_1_69' title='bbox 730 1524 992 1608; x_wconf 75' lang='lat' dir='ltr'><strong>praceptorum</strong></span> <span class='ocrx_word' id='word_1_70' title='bbox 1019 1509 1140 1581; x_wconf 92' lang='lat' dir='ltr'><strong>ordini</strong></span> <span class='ocrx_word' id='word_1_71' title='bbox 1164 1508 1286 1582; x_wconf 90' lang='lat' dir='ltr'><strong>locum</strong></span> 
     </span>
     <span class='ocr_line' id='line_1_12' title="bbox 279 1621 1287 1726; baseline -0.003 -29"><span class='ocrx_word' id='word_1_72' title='bbox 279 1625 474 1726; x_wconf 86' lang='lat' dir='ltr'><strong>praebeant.</strong></span> <span class='ocrx_word' id='word_1_73' title='bbox 501 1622 610 1711; x_wconf 92' lang='lat' dir='ltr'><strong>Quod</strong></span> <span class='ocrx_word' id='word_1_74' title='bbox 629 1622 797 1720; x_wconf 91' lang='lat' dir='ltr'><strong>equidem</strong></span> <span class='ocrx_word' id='word_1_75' title='bbox 823 1647 898 1694; x_wconf 93' lang='lat' dir='ltr'><strong>non</strong></span> <span class='ocrx_word' id='word_1_76' title='bbox 916 1621 1117 1718; x_wconf 83' lang='lat' dir='ltr'><strong>infitiabor3</strong></span> <span class='ocrx_word' id='word_1_77' title='bbox 1138 1637 1287 1696; x_wconf 87' lang='lat' dir='ltr'><strong>caveant</strong></span> 
     </span>
     <span class='ocr_line' id='line_1_13' title="bbox 280 1734 1286 1835; baseline -0.003 -24"><span class='ocrx_word' id='word_1_78' title='bbox 280 1754 403 1812; x_wconf 86' lang='lat' dir='ltr'><strong>tamen</strong></span> <span class='ocrx_word' id='word_1_79' title='bbox 419 1738 570 1810; x_wconf 88' lang='lat' dir='ltr'><strong>lectores</strong></span> <span class='ocrx_word' id='word_1_80' title='bbox 587 1735 736 1835; x_wconf 92' lang='lat' dir='ltr'><strong>nequid</strong></span> <span class='ocrx_word' id='word_1_81' title='bbox 754 1735 869 1831; x_wconf 91' lang='lat' dir='ltr'><strong>majus</strong></span> <span class='ocrx_word' id='word_1_82' title='bbox 885 1749 947 1806; x_wconf 89' lang='lat' dir='ltr'><strong>aut</strong></span> <span class='ocrx_word' id='word_1_83' title='bbox 970 1734 1069 1808; x_wconf 92' lang='lat' dir='ltr'><strong>aliud</strong></span> <span class='ocrx_word' id='word_1_84' title='bbox 1094 1761 1116 1810; x_wconf 88' lang='lat' dir='ltr'><strong>a</strong></span> <span class='ocrx_word' id='word_1_85' title='bbox 1142 1737 1286 1808; x_wconf 84' lang='lat' dir='ltr'><strong>Victore</strong></span> 
     </span>
     <span class='ocr_line' id='line_1_14' title="bbox 280 1851 1286 1954; baseline -0.004 -25"><span class='ocrx_word' id='word_1_86' title='bbox 280 1869 499 1954; x_wconf 84' lang='lat' dir='ltr'><strong>exspectent,</strong></span> <span class='ocrx_word' id='word_1_87' title='bbox 517 1879 626 1953; x_wconf 86' lang='lat' dir='ltr'><strong>quarn</strong></span> <span class='ocrx_word' id='word_1_88' title='bbox 645 1853 746 1952; x_wconf 94' lang='lat' dir='ltr'><strong>quod</strong></span> <span class='ocrx_word' id='word_1_89' title='bbox 762 1853 799 1925; x_wconf 95' lang='lat' dir='ltr'><strong>in</strong></span> <span class='ocrx_word' id='word_1_90' title='bbox 812 1851 946 1925; x_wconf 84' lang='lat' dir='ltr'><strong>ultimis</strong></span> <span class='ocrx_word' id='word_1_91' title='bbox 958 1852 1052 1924; x_wconf 93' lang='lat' dir='ltr'><strong>illius</strong></span> <span class='ocrx_word' id='word_1_92' title='bbox 1064 1851 1147 1924; x_wconf 91' lang='lat' dir='ltr'><strong>libri</strong></span> <span class='ocrx_word' id='word_1_93' title='bbox 1162 1855 1286 1951; x_wconf 91' lang='lat' dir='ltr'><strong>capiti·</strong></span> 
     </span>
     <span class='ocr_line' id='line_1_15' title="bbox 280 1957 1286 2068; baseline -0.004 -24"><span class='ocrx_word' id='word_1_94' title='bbox 280 1970 350 2044; x_wconf 91' lang='lat' dir='ltr'><strong>bus</strong></span> <span class='ocrx_word' id='word_1_95' title='bbox 366 1969 553 2068; x_wconf 88' lang='lat' dir='ltr'><strong>reperitur.</strong></span> <span class='ocrx_word' id='word_1_96' title='bbox 573 1973 735 2066; x_wconf 88' lang='lat' dir='ltr'><strong>Namque</strong></span> <span class='ocrx_word' id='word_1_97' title='bbox 752 1966 782 2040; x_wconf 94' lang='lat' dir='ltr'><strong>si</strong></span> <span class='ocrx_word' id='word_1_98' title='bbox 798 1967 936 2066; x_wconf 92' lang='lat' dir='ltr'><strong>primus</strong></span> <span class='ocrx_word' id='word_1_99' title='bbox 949 1957 985 2038; x_wconf 89' lang='lat' dir='ltr'><strong>et</strong></span> <span class='ocrx_word' id='word_1_100' title='bbox 1002 1967 1129 2040; x_wconf 93' lang='lat' dir='ltr'><strong>unicus</strong></span> <span class='ocrx_word' id='word_1_101' title='bbox 1144 1969 1251 2040; x_wconf 90' lang='lat' dir='ltr'><strong>etiam</strong></span> <span class='ocrx_word' id='word_1_102' title='bbox 1267 1991 1286 2040; x_wconf 93' lang='lat' dir='ltr'><strong>e</strong></span> 
     </span>
     <span class='ocr_line' id='line_1_16' title="bbox 281 2079 1287 2179; baseline -0.001 -24"><span class='ocrx_word' id='word_1_103' title='bbox 281 2081 485 2155; x_wconf 85' lang='lat' dir='ltr'><strong>rhetoribus</strong></span> <span class='ocrx_word' id='word_1_104' title='bbox 502 2081 653 2176; x_wconf 88' lang='lat' dir='ltr'><strong>Latinis,</strong></span> <span class='ocrx_word' id='word_1_105' title='bbox 681 2104 837 2178; x_wconf 91' lang='lat' dir='ltr'><strong>quorum</strong></span> <span class='ocrx_word' id='word_1_106' title='bbox 861 2104 973 2178; x_wconf 87' lang='lat' dir='ltr'><strong>opera</strong></span> <span class='ocrx_word' id='word_1_107' title='bbox 994 2079 1225 2179; x_wconf 81' lang='lat' dir='ltr'><strong>superfuere,</strong></span> <span class='ocrx_word' id='word_1_108' title='bbox 1252 2083 1287 2154; x_wconf 92' lang='lat' dir='ltr'><strong>in</strong></span> 
     </span>
     <span class='ocr_line' id='line_1_17' title="bbox 283 2191 1288 2293; baseline 0 -27"><span class='ocrx_word' id='word_1_109' title='bbox 283 2193 475 2266; x_wconf 79' lang='lat' dir='ltr'><strong>Rhetorica</strong></span> <span class='ocrx_word' id='word_1_110' title='bbox 496 2195 578 2264; x_wconf 81' lang='lat' dir='ltr'><strong>Arte</strong></span> <span class='ocrx_word' id='word_1_111' title='bbox 606 2191 771 2289; x_wconf 87' lang='lat' dir='ltr'><strong>quaedam</strong></span> <span class='ocrx_word' id='word_1_112' title='bbox 797 2192 842 2263; x_wconf 93' lang='lat' dir='ltr'><strong>de</strong></span> <span class='ocrx_word' id='word_1_113' title='bbox 867 2191 1133 2266; x_wconf 90' lang='lat' dir='ltr'><strong>sermocinandi</strong></span> <span class='ocrx_word' id='word_1_114' title='bbox 1156 2208 1192 2266; x_wconf 91' lang='lat' dir='ltr'><strong>et</strong></span> <span class='ocrx_word' id='word_1_115' title='bbox 1214 2194 1288 2293; x_wconf 90' lang='lat' dir='ltr'><strong>epi·</strong></span> 
     </span>
     <span class='ocr_line' id='line_1_18' title="bbox 283 2305 1290 2402; baseline 0.002 -22"><span class='ocrx_word' id='word_1_116' title='bbox 283 2308 392 2380; x_wconf 90' lang='lat' dir='ltr'><strong>stolas</strong></span> <span class='ocrx_word' id='word_1_117' title='bbox 405 2307 546 2378; x_wconf 90' lang='lat' dir='ltr'><strong>ratione</strong></span> <span class='ocrx_word' id='word_1_118' title='bbox 555 2305 819 2394; x_wconf 89' lang='lat' dir='ltr'><strong>conscribendi,</strong></span> <span class='ocrx_word' id='word_1_119' title='bbox 836 2305 1042 2402; x_wconf 83' lang='lat' dir='ltr'><strong>vulgaribus</strong></span> <span class='ocrx_word' id='word_1_120' title='bbox 1056 2305 1201 2380; x_wconf 79' lang='lat' dir='ltr'><strong>dicendi</strong></span> <span class='ocrx_word' id='word_1_121' title='bbox 1218 2331 1290 2382; x_wconf 90' lang='lat' dir='ltr'><strong>ma·</strong></span> 
     </span>
    </p>
   </div>
   <div class='ocr_carea' id='block_1_4' title="bbox 284 2417 1415 2518">
    <p class='ocr_par' dir='ltr' id='par_1_4' title="bbox 284 2417 1415 2518">
     <span class='ocr_line' id='line_1_19' title="bbox 284 2417 1415 2518; baseline 0.004 -26"><span class='ocrx_word' id='word_1_122' title='bbox 284 2422 478 2518; x_wconf 87' lang='lat' dir='ltr'><strong>gistrornm</strong></span> <span class='ocrx_word' id='word_1_123' title='bbox 494 2417 690 2518; x_wconf 91' lang='lat' dir='ltr'><strong>disciplinis</strong></span> <span class='ocrx_word' id='word_1_124' title='bbox 707 2418 878 2516; x_wconf 85' lang='lat' dir='ltr'><strong>subjecit,</strong></span> <span class='ocrx_word' id='word_1_125' title='bbox 908 2444 983 2492; x_wconf 90' lang='lat' dir='ltr'><strong>uon</strong></span> <span class='ocrx_word' id='word_1_126' title='bbox 1007 2420 1181 2492; x_wconf 90' lang='lat' dir='ltr'><strong>continuo</strong></span> <span class='ocrx_word' id='word_1_127' title='bbox 1198 2421 1289 2494; x_wconf 89' lang='lat' dir='ltr'><strong>illius</strong></span> <span class='ocrx_word' id='word_1_128' title='bbox 1414 2481 1415 2496; x_wconf 49' lang='lat'>2</span> 
     </span>
    </p>
   </div>
   <div class='ocr_carea' id='block_1_5' title="bbox 284 2532 1291 2721">
    <p class='ocr_par' dir='ltr' id='par_1_5' title="bbox 284 2532 1291 2721">
     <span class='ocr_line' id='line_1_20' title="bbox 284 2532 1291 2632; baseline 0 -28"><span class='ocrx_word' id='word_1_129' title='bbox 284 2533 322 2606; x_wconf 92' lang='lat' dir='ltr'><strong>in</strong></span> <span class='ocrx_word' id='word_1_130' title='bbox 357 2533 535 2606; x_wconf 87' lang='lat' dir='ltr'><strong>rhetorica</strong></span> <span class='ocrx_word' id='word_1_131' title='bbox 573 2532 741 2606; x_wconf 90' lang='lat' dir='ltr'><strong>docendo</strong></span> <span class='ocrx_word' id='word_1_132' title='bbox 779 2533 947 2605; x_wconf 86' lang='lat' dir='ltr'><strong>novitatis</strong></span> <span class='ocrx_word' id='word_1_133' title='bbox 980 2533 1147 2632; x_wconf 88' lang='lat' dir='ltr'><strong>princeps</strong></span> <span class='ocrx_word' id='word_1_134' title='bbox 1187 2534 1291 2618; x_wconf 84' lang='lat' dir='ltr'><strong>luisse</strong></span> 
     </span>
     <span class='ocr_line' id='line_1_21' title="bbox 286 2645 1291 2721; baseline 0.002 -2"><span class='ocrx_word' id='word_1_135' title='bbox 286 2645 543 2720; x_wconf 85' lang='lat' dir='ltr'><strong>existimandus</strong></span> <span class='ocrx_word' id='word_1_136' title='bbox 570 2662 635 2717; x_wconf 92' lang='lat' dir='ltr'><strong>est.</strong></span> <span class='ocrx_word' id='word_1_137' title='bbox 660 2649 793 2720; x_wconf 88' lang='lat' dir='ltr'><strong>Contra</strong></span> <span class='ocrx_word' id='word_1_138' title='bbox 814 2661 934 2719; x_wconf 89' lang='lat' dir='ltr'><strong>autem</strong></span> <span class='ocrx_word' id='word_1_139' title='bbox 961 2646 1150 2718; x_wconf 88' lang='lat' dir='ltr'><strong>verisimile</strong></span> <span class='ocrx_word' id='word_1_140' title='bbox 1171 2662 1224 2720; x_wconf 90' lang='lat' dir='ltr'><strong>est</strong></span> <span class='ocrx_word' id='word_1_141' title='bbox 1246 2647 1291 2721; x_wconf 93' lang='lat' dir='ltr'><strong>de</strong></span> 
     </span>
    </p>
   </div>
   <div class='ocr_carea' id='block_1_6' title="bbox 285 2749 1414 2850">
    <p class='ocr_par' dir='ltr' id='par_1_6' title="bbox 285 2749 1414 2850">
     <span class='ocr_line' id='line_1_22' title="bbox 285 2749 1414 2850; baseline 0.002 -18"><span class='ocrx_word' id='word_1_142' title='bbox 285 2759 415 2832; x_wconf 89' lang='lat' dir='ltr'><strong>iisdem</strong></span> <span class='ocrx_word' id='word_1_143' title='bbox 440 2759 597 2832; x_wconf 89' lang='lat' dir='ltr'><strong>materiis</strong></span> <span class='ocrx_word' id='word_1_144' title='bbox 623 2760 767 2833; x_wconf 89' lang='lat' dir='ltr'><strong>Latinos</strong></span> <span class='ocrx_word' id='word_1_145' title='bbox 796 2759 884 2832; x_wconf 91' lang='lat' dir='ltr'><strong>alios</strong></span> <span class='ocrx_word' id='word_1_146' title='bbox 910 2760 1071 2832; x_wconf 88' lang='lat' dir='ltr'><strong>rhetores</strong></span> <span class='ocrx_word' id='word_1_147' title='bbox 1102 2775 1289 2850; x_wconf 88' lang='lat' dir='ltr'><strong>tractasse;</strong></span> <span class='ocrx_word' id='word_1_148' title='bbox 1413 2749 1414 2794; x_wconf 67' lang='lat'><em>³</em></span> 
     </span>
    </p>
   </div>
   <div class='ocr_carea' id='block_1_7' title="bbox 286 2872 1291 2970">
    <p class='ocr_par' dir='ltr' id='par_1_7' title="bbox 286 2872 1291 2970">
     <span class='ocr_line' id='line_1_23' title="bbox 286 2872 1291 2970; baseline 0.003 -27"><span class='ocrx_word' id='word_1_149' title='bbox 286 2897 444 2970; x_wconf 91' lang='lat' dir='ltr'><strong>quorum</strong></span> <span class='ocrx_word' id='word_1_150' title='bbox 472 2872 619 2944; x_wconf 80' lang='lat' dir='ltr'><strong>forsitan</strong></span> <span class='ocrx_word' id='word_1_151' title='bbox 641 2898 661 2944; x_wconf 91' lang='lat' dir='ltr'><strong>e</strong></span> <span class='ocrx_word' id='word_1_152' title='bbox 684 2872 783 2946; x_wconf 89' lang='lat' dir='ltr'><strong>libris</strong></span> <span class='ocrx_word' id='word_1_153' title='bbox 800 2874 954 2946; x_wconf 86' lang='lat' dir='ltr'><strong>Victoris</strong></span> <span class='ocrx_word' id='word_1_154' title='bbox 968 2873 1042 2946; x_wconf 93' lang='lat' dir='ltr'><strong>duo</strong></span> <span class='ocrx_word' id='word_1_155' title='bbox 1059 2888 1218 2946; x_wconf 84' lang='lat' dir='ltr'><strong>extrema</strong></span> <span class='ocrx_word' id='word_1_156' title='bbox 1233 2899 1291 2948; x_wconf 86' lang='lat' dir='ltr'><strong>ca·</strong></span> 
     </span>
    </p>
   </div>
   <div class='ocr_carea' id='block_1_8' title="bbox 286 2985 1413 3085">
    <p class='ocr_par' dir='ltr' id='par_1_8' title="bbox 286 2985 1413 3085">
     <span class='ocr_line' id='line_1_24' title="bbox 286 2985 1413 3085; baseline 0.006 -31"><span class='ocrx_word' id='word_1_157' title='bbox 286 2985 361 3084; x_wconf 91' lang='lat' dir='ltr'><strong>pita</strong></span> <span class='ocrx_word' id='word_1_158' title='bbox 378 2998 441 3055; x_wconf 90' lang='lat' dir='ltr'><strong>aut</strong></span> <span class='ocrx_word' id='word_1_159' title='bbox 464 2985 631 3056; x_wconf 89' lang='lat' dir='ltr'><strong>translata</strong></span> <span class='ocrx_word' id='word_1_160' title='bbox 649 2999 746 3077; x_wconf 88' lang='lat' dir='ltr'><strong>sunt,</strong></span> <span class='ocrx_word' id='word_1_161' title='bbox 765 3000 827 3056; x_wconf 91' lang='lat' dir='ltr'><strong>aut</strong></span> <span class='ocrx_word' id='word_1_162' title='bbox 849 3011 978 3085; x_wconf 91' lang='lat' dir='ltr'><strong>parum</strong></span> <span class='ocrx_word' id='word_1_163' title='bbox 1001 2987 1202 3079; x_wconf 91' lang='lat' dir='ltr'><strong>immutata,</strong></span> <span class='ocrx_word' id='word_1_164' title='bbox 1233 3001 1293 3061; x_wconf 90' lang='lat' dir='ltr'><strong>aut</strong></span> <span class='ocrx_word' id='word_1_165' title='bbox 1412 3057 1413 3072; x_wconf 51' lang='lat'><strong>,</strong></span> 
     </span>
    </p>
   </div>
   <div class='ocr_carea' id='block_1_9' title="bbox 287 3095 1293 3314">
    <p class='ocr_par' dir='ltr' id='par_1_9' title="bbox 287 3095 1293 3314">
     <span class='ocr_line' id='line_1_25' title="bbox 287 3095 1293 3199; baseline 0.007 -33"><span class='ocrx_word' id='word_1_166' title='bbox 287 3095 326 3166; x_wconf 91' lang='lat' dir='ltr'><strong>in</strong></span> <span class='ocrx_word' id='word_1_167' title='bbox 340 3095 525 3192; x_wconf 90' lang='lat' dir='ltr'><strong>angustius</strong></span> <span class='ocrx_word' id='word_1_168' title='bbox 540 3098 696 3195; x_wconf 90' lang='lat' dir='ltr'><strong>spatium</strong></span> <span class='ocrx_word' id='word_1_169' title='bbox 710 3113 900 3172; x_wconf 90' lang='lat' dir='ltr'><strong>coarctata.</strong></span> <span class='ocrx_word' id='word_1_170' title='bbox 913 3104 1155 3199; x_wconf 67' lang='lat' dir='ltr'><strong>Quaecumque</strong></span> <span class='ocrx_word' id='word_1_171' title='bbox 1173 3115 1293 3174; x_wconf 89' lang='lat' dir='ltr'><strong>autem</strong></span> 
     </span>
     <span class='ocr_line' id='line_1_26' title="bbox 288 3207 1290 3314; baseline 0.008 -34"><span class='ocrx_word' id='word_1_172' title='bbox 288 3207 374 3300; x_wconf 88' lang='lat' dir='ltr'><strong>sint,</strong></span> <span class='ocrx_word' id='word_1_173' title='bbox 390 3222 426 3280; x_wconf 92' lang='lat' dir='ltr'><strong>et</strong></span> <span class='ocrx_word' id='word_1_174' title='bbox 442 3232 672 3307; x_wconf 91' lang='lat' dir='ltr'><strong>quocumque</strong></span> <span class='ocrx_word' id='word_1_175' title='bbox 696 3210 808 3284; x_wconf 90' lang='lat' dir='ltr'><strong>modo</strong></span> <span class='ocrx_word' id='word_1_176' title='bbox 828 3211 1017 3309; x_wconf 87' lang='lat' dir='ltr'><strong>dijudicari</strong></span> <span class='ocrx_word' id='word_1_177' title='bbox 1033 3212 1092 3286; x_wconf 88' lang='lat' dir='ltr'><strong>illa</strong></span> <span class='ocrx_word' id='word_1_178' title='bbox 1107 3229 1290 3314; x_wconf 89' lang='lat' dir='ltr'><strong>oporteat,</strong></span> 
     </span>
    </p>
   </div>
   <div class='ocr_carea' id='block_1_10' title="bbox 288 3321 1412 3418">
    <p class='ocr_par' dir='ltr' id='par_1_10' title="bbox 288 3321 1412 3418">
     <span class='ocr_line' id='line_1_27' title="bbox 288 3321 1412 3418; baseline 0.006 -24"><span class='ocrx_word' id='word_1_179' title='bbox 288 3323 372 3394; x_wconf 89' lang='lat' dir='ltr'><strong>satis</strong></span> <span class='ocrx_word' id='word_1_180' title='bbox 400 3337 542 3396; x_wconf 90' lang='lat' dir='ltr'><strong>constat</strong></span> <span class='ocrx_word' id='word_1_181' title='bbox 569 3324 631 3398; x_wconf 92' lang='lat' dir='ltr'><strong>diu</strong></span> <span class='ocrx_word' id='word_1_182' title='bbox 660 3340 742 3398; x_wconf 91' lang='lat' dir='ltr'><strong>ante</strong></span> <span class='ocrx_word' id='word_1_183' title='bbox 768 3326 967 3418; x_wconf 91' lang='lat' dir='ltr'><strong>Victorem,</strong></span> <span class='ocrx_word' id='word_1_184' title='bbox 996 3326 1059 3398; x_wconf 95' lang='lat' dir='ltr'><strong>diu</strong></span> <span class='ocrx_word' id='word_1_185' title='bbox 1083 3328 1191 3400; x_wconf 89' lang='lat' dir='ltr'><strong>etiam</strong></span> <span class='ocrx_word' id='word_1_186' title='bbox 1212 3342 1294 3402; x_wconf 88' lang='lat' dir='ltr'><strong>ante</strong></span> <span class='ocrx_word' id='word_1_187' title='bbox 1411 3321 1412 3330; x_wconf 13' lang='grc' dir='ltr'><strong>ἶ</strong></span> 
     </span>
    </p>
   </div>
   <div class='ocr_carea' id='block_1_11' title="bbox 289 3435 1295 3992">
    <p class='ocr_par' dir='ltr' id='par_1_11' title="bbox 289 3435 1295 3992">
     <span class='ocr_line' id='line_1_28' title="bbox 290 3435 1294 3539; baseline 0.009 -32"><span class='ocrx_word' id='word_1_188' title='bbox 290 3435 519 3530; x_wconf 87' lang='lat' dir='ltr'><strong>Ciceronem,</strong></span> <span class='ocrx_word' id='word_1_189' title='bbox 538 3463 614 3510; x_wconf 91' lang='lat' dir='ltr'><strong>non</strong></span> <span class='ocrx_word' id='word_1_190' title='bbox 636 3441 744 3513; x_wconf 90' lang='lat' dir='ltr'><strong>semel</strong></span> <span class='ocrx_word' id='word_1_191' title='bbox 761 3439 860 3539; x_wconf 90' lang='lat' dir='ltr'><strong>apud</strong></span> <span class='ocrx_word' id='word_1_192' title='bbox 877 3444 1020 3512; x_wconf 74' lang='lat' dir='ltr'><strong>Graecos</strong></span> <span class='ocrx_word' id='word_1_193' title='bbox 1042 3441 1138 3516; x_wconf 92' lang='lat' dir='ltr'><strong>edita</strong></span> <span class='ocrx_word' id='word_1_194' title='bbox 1155 3467 1233 3514; x_wconf 89' lang='lat' dir='ltr'><strong>esse</strong></span> <span class='ocrx_word' id='word_1_195' title='bbox 1249 3443 1294 3516; x_wconf 93' lang='lat' dir='ltr'><strong>de</strong></span> 
     </span>
     <span class='ocr_line' id='line_1_29' title="bbox 289 3551 1295 3653; baseline 0.01 -33"><span class='ocrx_word' id='word_1_196' title='bbox 289 3551 589 3624; x_wconf 85' lang='lat' dir='ltr'><strong>sermocinatione</strong></span> <span class='ocrx_word' id='word_1_197' title='bbox 612 3567 648 3624; x_wconf 92' lang='lat' dir='ltr'><strong>et</strong></span> <span class='ocrx_word' id='word_1_198' title='bbox 672 3553 718 3626; x_wconf 93' lang='lat' dir='ltr'><strong>de</strong></span> <span class='ocrx_word' id='word_1_199' title='bbox 743 3553 900 3652; x_wconf 89' lang='lat' dir='ltr'><strong>epistolis</strong></span> <span class='ocrx_word' id='word_1_200' title='bbox 916 3569 1104 3653; x_wconf 88' lang='lat' dir='ltr'><strong>praecepta.</strong></span> <span class='ocrx_word' id='word_1_201' title='bbox 1126 3559 1295 3630; x_wconf 75' lang='lat' dir='ltr'><strong>Praeterea</strong></span> 
     </span>
     <span class='ocr_line' id='line_1_30' title="bbox 290 3662 1295 3764; baseline 0.009 -33"><span class='ocrx_word' id='word_1_202' title='bbox 290 3662 444 3734; x_wconf 90' lang='lat' dir='ltr'><strong>Tullium</strong></span> <span class='ocrx_word' id='word_1_203' title='bbox 471 3663 795 3738; x_wconf 84' lang='lat' dir='ltr'><strong>animadvertemus</strong></span> <span class='ocrx_word' id='word_1_204' title='bbox 817 3665 920 3760; x_wconf 88' lang='lat' dir='ltr'><strong>alibi,</strong></span> <span class='ocrx_word' id='word_1_205' title='bbox 943 3691 1053 3764; x_wconf 89' lang='lat' dir='ltr'><strong>quam</strong></span> <span class='ocrx_word' id='word_1_206' title='bbox 1071 3668 1109 3740; x_wconf 91' lang='lat' dir='ltr'><strong>in</strong></span> <span class='ocrx_word' id='word_1_207' title='bbox 1131 3670 1295 3742; x_wconf 88' lang='lat' dir='ltr'><strong>oratoriis</strong></span> 
     </span>
     <span class='ocr_line' id='line_1_31' title="bbox 290 3772 1292 3873; baseline 0.008 -28"><span class='ocrx_word' id='word_1_208' title='bbox 290 3772 412 3864; x_wconf 88' lang='lat' dir='ltr'><strong>libris,</strong></span> <span class='ocrx_word' id='word_1_209' title='bbox 442 3776 606 3873; x_wconf 86' lang='lat' dir='ltr'><strong>quaedam</strong></span> <span class='ocrx_word' id='word_1_210' title='bbox 634 3775 680 3850; x_wconf 92' lang='lat' dir='ltr'><strong>de</strong></span> <span class='ocrx_word' id='word_1_211' title='bbox 706 3777 834 3852; x_wconf 90' lang='lat' dir='ltr'><strong>iisdem</strong></span> <span class='ocrx_word' id='word_1_212' title='bbox 859 3779 966 3854; x_wconf 92' lang='lat' dir='ltr'><strong>rebus</strong></span> <span class='ocrx_word' id='word_1_213' title='bbox 989 3781 1097 3872; x_wconf 88' lang='lat' dir='ltr'><strong>mira,</strong></span> <span class='ocrx_word' id='word_1_214' title='bbox 1121 3795 1161 3852; x_wconf 90' lang='lat' dir='ltr'><strong>ut</strong></span> <span class='ocrx_word' id='word_1_215' title='bbox 1184 3782 1292 3873; x_wconf 91' lang='lat' dir='ltr'><strong>solet,</strong></span> 
     </span>
     <span class='ocr_line' id='line_1_32' title="bbox 290 3881 1295 3992; baseline 0.007 -34"><span class='ocrx_word' id='word_1_216' title='bbox 290 3888 467 3960; x_wconf 82' lang='lat' dir='ltr'><strong>sermonis</strong></span> <span class='ocrx_word' id='word_1_217' title='bbox 492 3890 665 3985; x_wconf 86' lang='lat' dir='ltr'><strong>elegantia</strong></span> <span class='ocrx_word' id='word_1_218' title='bbox 683 3893 943 3991; x_wconf 85' lang='lat' dir='ltr'><strong>perstrinxisse,</strong></span> <span class='ocrx_word' id='word_1_219' title='bbox 963 3907 998 3966; x_wconf 90' lang='lat' dir='ltr'><strong>et</strong></span> <span class='ocrx_word' id='word_1_220' title='bbox 1020 3895 1058 3965; x_wconf 93' lang='lat' dir='ltr'><strong>in</strong></span> <span class='ocrx_word' id='word_1_221' title='bbox 1081 3881 1160 3992; x_wconf 87' lang='lat' dir='ltr'><strong>ipso</strong></span> <span class='ocrx_word' id='word_1_222' title='bbox 1181 3891 1295 3966; x_wconf 82' lang='lat' dir='ltr'><strong>Fabio</strong></span> 
     </span>
    </p>
   </div>
   <div class='ocr_carea' id='block_1_12' title="bbox 291 3999 1410 4104">
    <p class='ocr_par' dir='ltr' id='par_1_12' title="bbox 291 3999 1410 4104">
     <span class='ocr_line' id='line_1_33' title="bbox 291 3999 1410 4104; baseline 0.001 -31"><span class='ocrx_word' id='word_1_223' title='bbox 291 3999 503 4098; x_wconf 88' lang='lat' dir='ltr'><strong>paucissima</strong></span> <span class='ocrx_word' id='word_1_224' title='bbox 529 4003 675 4100; x_wconf 91' lang='lat' dir='ltr'><strong>quidem</strong></span> <span class='ocrx_word' id='word_1_225' title='bbox 699 4006 845 4104; x_wconf 89' lang='lat' dir='ltr'><strong>vestigia</strong></span> <span class='ocrx_word' id='word_1_226' title='bbox 862 4007 899 4080; x_wconf 93' lang='lat' dir='ltr'><strong>iu</strong></span> <span class='ocrx_word' id='word_1_227' title='bbox 914 4005 1010 4082; x_wconf 89' lang='lat' dir='ltr'><strong>hanc</strong></span> <span class='ocrx_word' id='word_1_228' title='bbox 1025 4006 1211 4080; x_wconf 88' lang='lat' dir='ltr'><strong>materiam</strong></span> <span class='ocrx_word' id='word_1_229' title='bbox 1227 4004 1295 4078; x_wconf 94' lang='lat' dir='ltr'><strong>du·</strong></span> <span class='ocrx_word' id='word_1_230' title='bbox 1408 4005 1410 4034; x_wconf 80' lang='lat'><em>&#39;</em></span> 
     </span>
    </p>
   </div>
   <div class='ocr_carea' id='block_1_13' title="bbox 291 4113 742 4215">
    <p class='ocr_par' dir='ltr' id='par_1_13' title="bbox 291 4113 742 4215">
     <span class='ocr_line' id='line_1_34' title="bbox 291 4113 742 4215; baseline 0.013 -29"><span class='ocrx_word' id='word_1_231' title='bbox 291 4113 407 4186; x_wconf 87' lang='lat' dir='ltr'><strong>centia</strong></span> <span class='ocrx_word' id='word_1_232' title='bbox 420 4113 742 4215; x_wconf 87' lang='lat' dir='ltr'><strong>deprehendemus.</strong></span> 
     </span>
    </p>
   </div>
   <div class='ocr_carea' id='block_1_14' title="bbox 0 0 1463 5056">
    <p class='ocr_par' dir='ltr' id='par_1_14' title="bbox 0 0 1463 5056">
     <span class='ocr_line' id='line_1_35' title="bbox 0 0 1463 5056; baseline 0 0"><span class='ocrx_word' id='word_1_233' title='bbox 0 0 1463 5056; x_wconf 95' lang='lat' dir='ltr'><strong> </strong></span> 
     </span>
    </p>
   </div>
  </div>
 </body>
</html>
