2866 5056
560 395 755 468 ...33-

81 542 83 546 ’
154 545 339 641 quentiam
367 545 595 618 indoctarum
634 547 872 620 novationum
903 547 1152 647 solummodo,

153 658 347 732 autsaltem
358 658 565 757 praesertim,
581 657 713 730 nimios
728 683 930 758 pravosque
944 687 1029 734 usus
1042 688 1157 737 anno·

154 765 264 861 tasse3
292 796 354 844 seu
378 773 462 869 quia
487 771 699 843 notationes
722 771 789 843 illae
801 772 877 869 jam
894 773 1020 848 iudea
1036 778 1156 864 Quin·

153 881 277 955 tiliano
287 884 322 954 in
332 883 652 981 diespessumdatae
662 885 1155 979 erant,etjamVictoristcm·

153 1019 242 1092 pore
252 996 437 1070 rhetorum
448 995 771 1095 discipuliillisnon
781 996 1156 1098 aliterquampessime

153 1108 364 1201 utebantur;
392 1103 455 1182 seu
478 1111 561 1207 quia
575 1108 771 1180 rhetorices
791 1110 1048 1208 compendium
1060 1113 1155 1200 ado·
1266 1127 1269 1132 “

152 1219 318 1294 lescentis
333 1221 519 1318 cujusdam
535 1220 686 1292 studiosi
702 1222 814 1318 gratia
836 1221 1026 1313 scribebat,
1048 1249 1157 1322 quem

152 1335 263 1405 satius
274 1333 428 1410 ducebat
440 1334 648 1424 admonere,
671 1348 710 1405 ut
727 1345 828 1432 paene
845 1336 996 1406 omnino
1007 1359 1027 1406 a
1040 1339 1157 1435 pravis

152 1446 228 1518 istis
251 1447 552 1520 declamationum
570 1446 706 1518 deliciis
727 1461 887 1537 caveret,
908 1473 1016 1546 quarn
1033 1467 1172 1542 aucto-¹

152 1561 255 1633 ritate
265 1586 341 1650 sua,
352 1559 562 1649 Quintiliani
575 1562 612 1632 in
623 1585 776 1652 morem,
788 1561 974 1653 inducere,
985 1545 1157 1638 utearum
1176 1649 1180 1656 Ι

153 1673 341 1746 utilitatem
351 1688 567 1772 spectaretet
575 1673 641 1746 sibi
653 1663 842 1773 indulgens
851 1676 1154 1752 accommodaret.

152 1791 231 1859 Hoc
250 1788 406 1885 denique
422 1802 643 1886 postremum
660 1789 698 1859 in
716 1788 875 1862 secunda
893 1790 954 1862 illa
969 1792 1062 1864 inter
1077 1794 1158 1866 Vic-

153 1914 270 1974 torem
307 1916 349 1974 et
374 1903 585 1974 Ciceronem
620 1902 840 1999 Fabiumque
880 1907 1158 2002 comparationis

152 2029 254 2113 parte
279 2015 596 2106 animadvertatur,
618 2014 798 2088 rhetorem
815 2039 946 2114 nempe
968 2032 1154 2112 nostrum,

153 2154 267 2225 quum
288 2114 334 2201 de
354 2128 667 2228 pronuntiatione¹
692 2127 884 2226 eloquitur,
911 2130 1054 2227 utrique
1082 2157 1158 2206 esse

152 2242 260 2338 longe
271 2243 462 2340 imparem
485 2258 524 2314 nt
541 2243 602 2339 qui
621 2267 738 2340 neque
753 2241 944 2314 secundam
958 2242 1060 2315 Tullii
1077 2244 1158 2318 bre·

152 2352 1159 2453 vitatem,nequepauloquidemminutiorem,atdivitem

153 2483 295 2558 tamen,
316 2467 422 2539 deca
446 2493 484 2538 re
507 2466 717 2554 Quintiliani
742 2468 885 2565 copiam
904 2485 1156 2566 consequatur,

153 2582 216 2654 sed
230 2581 582 2653 inconsultodiversa
596 2581 781 2676 utriusque
795 2582 934 2677 generis
950 2582 1156 2655 admisceat.

153 2699 207 2766 De
232 2693 506 2767 exercitatione'
528 2693 660 2791 pariter
683 2691 876 2763 amborum
898 2709 1075 2791 praecepta
1091 2720 1160 2793 po·

154 2809 224 2880 tius
240 2808 412 2904 congerit,
426 2830 536 2904 quarn
548 2806 724 2876 rationem
735 2804 890 2876 docendi
906 2819 944 2877 et
958 2804 1160 2878 ubertatem

156 2919 494 3019 dicendicxprimit.
518 2923 590 2990 Nec
608 2918 686 2988 sine
704 2940 834 3008 causa3
858 2941 943 2990 narn
958 2933 1087 3015 praeter
1104 2919 1160 2990 in·

153 3034 260 3106 serius
277 3033 430 3104 Victoris
446 3032 649 3127 ingenium,
669 3030 799 3101 sicum
818 3029 1002 3127 utriusque
1016 3031 1161 3128 ingenio

155 3129 465 3244 conseretur,'quae
478 3159 552 3217 tam
560 3146 652 3217 inter
666 3170 703 3216 se
715 3143 910 3237 dissimilia,
928 3169 1038 3242 quam
1047 3146 1162 3217 incre·

156 3260 287 3333 dibilia·
307 3260 394 3330 hinc
421 3273 624 3347 oratorum,
649 3258 763 3330 Tullio
787 3258 957 3348 florente,
976 3272 1012 3330 et
1032 3281 1164 3356 magna

157 3373 366 3461 etiamnum,
386 3369 607 3458 Quintiliano
624 3370 790 3458 docente,
809 3371 1069 3442 exercitationis
1085 3385 1164 3442 stu-

157 3485 233 3576 dia,
253 3483 480 3584 amplissimis
498 3481 692 3580 propositis
709 3481 863 3580 praemiis
882 3483 1046 3571 incitata;
1065 3479 1163 3553 illinc

156 3611 276 3670 autem
293 3596 496 3687 deminuta,
516 3609 550 3668 et
566 3595 604 3666 in
616 3595 871 3684 arctissimum,
896 3608 936 3664 ut
952 3607 1057 3665 antea
1072 3591 1163 3666 dixi·

158 3736 254 3804 mus,
281 3711 435 3784 Victoris
463 3723 586 3802 aetate,
616 3709 770 3808 spatium
800 3706 986 3806 compulsa
1014 3707 1164 3780 oratoris
1257 3729 1264 3738 ·

159 3823 333 3898 munera?
350 3822 546 3913 Quomodo
562 3823 658 3894 entim
675 3819 738 3922 qui
755 3818 801 3894 de
820 3819 1025 3914 stillicidiis,
1041 3834 1102 3893 aut
1118 3815 1165 3890 de

199 4080 228 4136 l.
251 4077 283 4136 G.
297 4079 325 4136 J.
335 4073 431 4146 Visa,
446 4092 511 4152 cap.
524 4093 606 4137 xxrv.

200 4169 230 4226 2.
252 4163 330 4224 Ibtd.
339 4209 349 4241 ,
363 4183 430 4244 cap.
445 4183 514 4224 xxv.
