2866 5056
551 401 746 476 ...53-

143 547 205 620 det
216 551 246 622 ¹:
267 577 286 617 a
299 547 415 621 Etiam
425 573 504 646 quae
516 573 591 623 non
605 551 720 650 possis
732 549 886 650 probare
900 552 1013 652 ligura
1025 581 1146 659 esper-

144 661 260 758 genda
278 677 371 735 sunt.
392 665 508 736 Haeret
527 664 622 736 enim
645 689 907 763 nonnunquam
924 667 1035 742 telum
1057 672 1147 748 illud

143 775 339 869 occultum,
356 789 392 848 et
407 777 479 850 hoo
510 777 590 877 ipso
615 778 716 875 quod
741 803 817 852 non
840 775 1148 879 apparet,'eximi

142 911 218 961 non
235 903 368 988 potest.
388 920 405 957 n
426 892 514 978 Quae
531 890 679 988 quidem
696 889 808 963 verba
825 892 943 989 (quae,
964 909 1004 966 ut
1027 897 1147 971 obiter

143 999 278 1094 dicam,
298 1003 391 1075 male
412 1003 644 1076 consentiunt
668 1029 752 1076 cum
772 1001 831 1075 illa
847 1004 987 1077 virtutis
1003 1007 1147 1083 allecta·

142 1115 255 1205 tione,
271 1139 381 1213 quam
391 1131 596 1189 constanter
604 1114 732 1188 Fabius
744 1113 931 1189 rhetoricae
942 1117 1026 1190 artis
1038 1123 1149 1216 gratia

141 1226 409 1325 vindicat)sane
419 1253 501 1302 curn
512 1229 554 1300 iis
564 1230 772 1329 conspirant
782 1243 817 1301 et
833 1245 1055 1328 congruunt,
1070 1258 1149 1330 quae

142 1366 263 1442 supra,
287 1368 400 1440 quum
426 1343 472 1416 de
497 1344 700 1438 egressione
720 1342 943 1442 loqueretur,
968 1343 1150 1443 professus

143 1467 196 1524 est
211 1453 322 1526 libere
338 1454 461 1526 Victor
474 1457 501 1525 ¹:
516 1484 534 1520 tt
551 1455 633 1527 Sive
649 1452 795 1546 habeas,
812 1455 873 1548 ait,
894 1454 994 1552 qnod
1010 1480 1146 1552 narres,

141 1581 183 1637 ut
202 1564 240 1637 id
256 1583 377 1640 tamen
399 1568 444 1640 sit
468 1567 646 1641 mendacii
668 1567 853 1640 stillicidiis
872 1567 1146 1665 aspergendum,

142 1680 219 1752 sive
242 1695 358 1753 totum
382 1680 507 1779 lingas,
524 1681 678 1753 maxima
701 1695 754 1753 est
776 1682 900 1772 virtus,
920 1695 960 1752 ut
984 1681 1032 1753 ita
1058 1681 1150 1754 lacta

143 1790 369 1866 demonstres
384 1794 473 1891 ejus,
490 1795 536 1867 de
553 1820 627 1893 quo
645 1818 781 1883 narres,
802 1808 843 1864 ut
859 1817 992 1884 sermo,
1011 1807 1053 1864 ut
1069 1794 1149 1866 vul·

143 1919 213 1997 tus,
234 1921 273 1977 nt
298 1906 422 1978 omnia
444 1922 527 2006 apta
552 1922 588 1978 et
612 1906 852 2005 competentia
877 1904 1082 1999 videantur,
1110 1921 1151 1980 ut

143 2020 207 2118 qui
231 2019 384 2091 audiunt
408 2019 507 2090 cerni
536 2017 594 2090 illa
618 2017 767 2116 fierique
789 2018 1002 2090 existiment.
1026 2046 1044 2085 n
1067 2023 1150 2091 Haec

142 2129 257 2204 fateor
277 2146 454 2231 praecepta
472 2131 573 2204 omni
596 2145 760 2230 exparte
783 2129 1056 2202 accommodata
1073 2157 1150 2204 esse

142 2244 375 2342 antiquorum
405 2257 591 2315 oratorum
617 2258 653 2316 et
679 2242 942 2314 causidicorum
973 2241 1147 2335 artificiis3

143 2358 206 2454 qui
227 2383 340 2456 quum
361 2355 450 2430 nihil
472 2357 560 2429 certi
582 2355 770 2449 haberent,
789 2379 982 2453 quosnam
1005 2379 1150 2429 causam

143 2466 359 2540 confirmare
398 2481 563 2569 possent,
602 2466 755 2539 libenter
795 2466 841 2538 ad
874 2465 1069 2557 mendacii,
1109 2479 1151 2539 ut

144 2583 301 2672 aiebant,
324 2582 501 2655 stillicidia
520 2580 766 2670 recurrebant,
787 2593 821 2652 et
837 2579 1019 2651 Ciceronis
1039 2579 1151 2652 instar

143 2695 316 2768 Milonem
343 2693 585 2785 defendentis,
616 2694 707 2766 veris
736 2691 821 2764 salsa
851 2691 1150 2783 commiscebant,

144 2821 184 2880 ut
202 2793 386 2879 veritatem
403 2807 451 2879 ita
465 2807 697 2905 depravatam
717 2805 943 2900 locatumque
961 2827 1152 2874 causarum

144 2920 286 2996 utilitati
297 2919 363 3018 (sic
375 2921 471 2992 enim
485 2917 709 3016 dictitabant)
723 2931 898 3015 aptarent.
914 2914 1024 3003 Quod
1036 2939 1152 3012 quum

143 3033 192 3104 ita
216 3034 273 3122 sit,
303 3033 384 3130 quis
412 3033 595 3106 ethnicum
623 3031 730 3102 fuisse
756 3028 943 3101 hominem
967 3027 1152 3100 rhetorem

145 3161 310 3217 nostrum
336 3143 552 3217 diffiteatur?
570 3143 677 3231 Quod
700 3143 729 3214 si
753 3140 861 3239 longe
885 3141 953 3214 alia
973 3165 1028 3212 res
1044 3153 1153 3232 esset,

145 3281 282 3350 nonne,
302 3271 426 3356 utpote
443 3255 655 3326 christianus
669 3255 736 3344 vir,
755 3253 856 3325 omni
875 3252 995 3325 studio
1013 3253 1155 3350 pravis·

145 3369 256 3440 simos
278 3383 441 3440 veterum
457 3367 644 3440 rhetorum
664 3390 803 3438 errores
819 3363 1059 3436 confutasset?
1080 3366 1153 3434 lta·

146 3506 217 3580 que
234 3506 309 3553 non
331 3482 448 3553 solum
465 3478 635 3576 exemplis
656 3479 697 3549 iis
720 3502 799 3574 qnae
816 3475 928 3547 modo
947 3473 1081 3570 subjeci
1098 3473 1153 3545 in·

146 3593 289 3684 ductus,
300 3620 479 3693 paganum
493 3590 799 3678 luisseVictorem,
810 3589 959 3687 perinde
972 3610 1013 3658 ac
1021 3586 1150 3677 Maius,

146 3707 380 3798 crediderim;
402 3706 595 3778 sedetiam
618 3717 730 3776 totam
756 3700 874 3800 operis
892 3697 991 3796 quod
1012 3697 1152 3796 compi·

146 3818 233 3892 lavit
245 3820 399 3892 formam
409 3818 599 3918 inspiciens
611 3831 647 3889 et
658 3839 800 3888 mecum
813 3812 935 3884 animo
951 3810 1150 3899 revolvens,

149 3933 196 4006 ad
221 3932 392 4006 eumdem
413 3931 638 4030 conjecturae,
659 3953 706 4002 ne
723 3925 854 4018 dicam,
876 3923 1078 3998 certissimae
1095 3946 1153 3996 ar·

190 4087 220 4142 l.
242 4086 273 4146 G.
288 4086 315 4146 J.
331 4082 420 4157 vict,
435 4100 500 4160 cap.
514 4100 581 4154 m,
597 4099 628 4160 p.
644 4080 712 4140 tta.
730 4073 773 4138 Cf.
791 4070 910 4150 Quintil.
925 4073 985 4143 xl.
1002 4074 1038 4143 2,
1054 4073 1103 4133 ts.

189 4177 218 4236 2.
244 4175 276 4234 C.
292 4176 320 4234 J.
335 4171 425 4244 Vict,
440 4188 503 4251 cap.
517 4189 597 4243 xvu,
611 4188 641 4250 p.
660 4169 709 4228 93.
766 4181 769 4188 '
846 4179 849 4186 ·
