2880 5058
557 392 697 464 ...nst
731 431 779 447 ..

165 559 272 608 usum
283 560 325 608 ac
335 536 506 634 pretium,
515 538 1171 639 vtem-treve,n0nntnusqeunan

165 663 235 738 tea,
257 650 330 720 sive
347 649 383 722 in
402 650 801 724 sacrisclnistianorum
816 654 1064 744 concionilnrs,
1081 679 1170 751 quus

162 787 349 834 emmones
367 762 475 859 vulgo
497 782 814 862 nunmrpaverunn,
829 768 901 838 sire
922 769 962 838 in
984 767 1170 840 rhetorum

163 875 439 948 recitationibus
463 889 499 948 et
525 876 687 950 litteratis
708 877 897 974 colloquiis
928 895 965 952 et
990 880 1170 979 epistolari

164 990 398 1077 commercio,
418 985 637 1062 celebratum
658 1016 735 1064 esse
758 993 973 1062 interimus.
997 994 1170 1064 Sermoni·

163 1105 322 1176 nationis
342 1119 460 1176 autem
482 1105 630 1176 virtutes
647 1119 682 1178 et
708 1105 793 1176 vitia
812 1106 996 1198 Victorem
1016 1105 1169 1176 credidi·

164 1233 265 1304 mus,
288 1217 437 1290 dirersis
453 1219 869 1316 onnin0,utpotenunc
882 1217 1122 1316 prudentilurs
1135 1232 1171 1289 et

163 1330 284 1417 rectis,
306 1353 403 1400 nunc
429 1330 628 1427 puerilibus
649 1345 688 1402 et
711 1330 883 1402 obsoletis
907 1346 1181 1428 praeceptorum,

164 1444 382 1534 rationibus,
403 1445 624 1542 designasse3
641 1446 760 1543 quod,
780 1445 1024 1542 pulcherrimo
1042 1471 1169 1516 eorum

162 1558 271 1630 allato
294 1559 456 1657 exemplo
478 1585 557 1656 quae
580 1560 626 1631 de
648 1585 816 1632 sermone
839 1560 1008 1657 praecepit
1027 1560 1166 1651 Cicero,

163 1672 468 1746 confirmavimus.
489 1676 538 1744 Ea
557 1672 645 1744 dein
654 1672 771 1744 obiter
782 1671 1076 1770 approbavimus,
1090 1695 1169 1767 quae

161 1785 210 1858 ad
226 1784 482 1884 perficiendam
507 1787 683 1858 sermonis
711 1785 923 1880 elegantiam
951 1784 1169 1858 conterenda

162 1925 252 1987 esse,
278 1900 381 1970 sicuti
399 1899 597 1972 *conoedtn
621 1915 657 1972 et
676 1899 847 1998 epistolas
871 1913 1019 1989 veteres,
1045 1899 1170 1972 Victor

161 2014 349 2086 existimat.
369 2017 488 2100 Quum
503 2012 593 2084 alios
607 2014 745 2110 prisom
754 2013 962 2109 scriptores,
971 2026 1048 2084 tum
1058 2011 1170 2082 moer·

160 2141 237 2198 tum
257 2125 530 2196 ltleetoricorum
552 2124 598 2196 ad
621 2126 842 2198 Herennium
869 2141 1054 2198 auctorem
1072 2145 1168 2223 quae·

160 2238 246 2310 dam
276 2263 352 2308 esse
380 2238 426 2309 de
455 2238 756 2310 sermocinatione
783 2237 986 2336 professum
1015 2239 1169 2312 confessi

159 2375 295 2440 sumus,
315 2351 378 2423 sed
397 2352 445 2422 'tta
468 2366 507 2424 ut
522 2350 658 2422 horum
674 2350 807 2441 nullus,
826 2377 918 2448 quos
933 2352 1082 2449 quidem
1101 2379 1169 2426 no-

158 2467 329 2555 verimus,
355 2463 481 2534 ordine
503 2477 540 2534 et
561 2463 618 2534 via
636 2478 671 2536 et
690 2489 733 2534 ex
752 2465 938 2555 industria,
958 2466 1109 2564 perinde
1125 2492 1168 2540 ac

159 2581 295 2670 Victor,
321 2578 357 2650 iu
385 2577 510 2648 latino
537 2576 744 2650 Rhetorices
762 2578 855 2650 libro
880 2578 926 2650 de
949 2581 1168 2654 sermocina-

159 2695 259 2766 tione
280 2707 458 2790 praecepta
474 2685 673 2764 tradiderit.
776 2749 790 2758 .

208 2801 298 2872 lnde
313 2800 467 2872 rhetoris
478 2801 590 2871 nostri
605 2789 775 2872 ultimum
784 2815 1022 2898 caputtotum
1039 2816 1165 2898 protu-

156 2914 277 3004 limus,
307 2928 343 2985 et
364 2928 561 3012 postquem.
576 2914 895 2986 animadvertimus
917 2939 1063 2986 omnem
1089 2939 1167 2986 otn-

157 3029 260 3100 nium
288 3026 518 3126 epistolarum
549 3051 657 3098 usum
684 3051 719 3098 ιν
751 3026 880 3100 mulo
913 3052 1021 3123 uuam
1052 3049 1167 3124 guum

158 3143 312 3214 maxime
344 3140 600 3230 increbruisse,
628 3155 664 3212 et
692 3142 734 3212 in.
758 3163 802 3212 eo
838 3141 953 3238 capite
983 3141 1166 3211 Victorem

158 3258 277 3328 minus
306 3253 457 3352 puerilia
481 3253 633 3326 consilia.
654 3254 847 3350 ingeniosis
874 3252 1167 3325 annotationibus

158 3370 322 3468 quentin
345 3366 628 3466 praecedentibus
653 3367 899 3456 immiscuisse,
922 3389 1022 3454 eum,
1038 3370 1166 3436 Deme·

158 3485 216 3556 trii
243 3481 403 3553 Phalerei
425 3495 463 3570 et
487 3479 699 3567 Quintiliani
720 3480 812 3567 ritu,
833 3479 961 3550 merito
987 3503 1072 3550 cum
1095 3503 1167 3550 ser·

157 3619 269 3670 mone
293 3593 461 3693 epistolas
483 3593 679 3664 contulisse
703 3589 933 3664 credidimus.
955 3595 1003 3661 Ut
1024 3592 1163 3683 Cicero,

158 3709 208 3782 ita
222 3710 345 3781 Victor
367 3705 564 3803 negotiales
578 3721 614 3778 et
633 3705 820 3778 hneilieres
836 3704 972 3776 litteras
991 3704 1163 3780 distinxit.

158 3824 224 3894 Hic
249 3837 367 3894 temen
397 3845 472 3892 non
504 3821 592 3892 satis
612 3818 799 3918 perspicue
833 3817 938 3888 nobis
964 3817 1167 3912 designasse

158 3936 254 4008 risus
266 3949 336 4024 est,
350 3959 586 4030 quercumque
601 3933 668 4009 sub
687 3931 919 4028 negotialium
931 3932 1165 4028 epistolarum

158 4050 306 4122 nornine
320 4046 657 4144 comprehenderet.
674 4045 846 4118 Demetrii
859 4043 990 4116 deinde
1005 4042 1167 4114 Phalerei

158 4176 194 4234 et
214 4158 396 4232 Ciceronis
420 4173 456 4230 et
480 4158 690 4246 Quintiliani
713 4173 752 4230 et
776 4156 937 4253 Gregorii
956 4156 1167 4228 Nazianzeni
