2880 5058
549 349 769 420 -tua-

157 500 207 572 tio
218 497 386 571 destinati
399 495 504 569 nobis
518 497 637 596 operis
646 498 852 598 scripsimus
863 504 885 592 ¹,
902 503 995 585 Maio
1007 503 1158 574 omniuo

156 615 393 686 assentiamur
414 617 455 684 C.
484 611 618 684 lulium
640 614 821 685 Victorem
845 615 1026 690 rhetorem
1050 618 1160 690 Galli-

156 753 241 800 cum
268 727 368 799 haud
395 753 431 797 1v
455 723 584 798 saeculo
609 727 769 824 priorem
790 727 896 800 luisse
924 730 1157 824 existimanti,

154 839 242 912 inde
252 859 320 911 nos
332 839 462 936 liquet,
481 839 548 910 tria
564 837 709 909 dicendi
722 831 850 935 genera
870 840 1062 914 Gallicanis
1079 867 1162 914 ora-

155 953 297 1026 toribus
313 978 355 1024 ae
371 952 574 1025 rhetoribus
581 951 653 1023 hoc
662 949 792 1023 saeculo
805 954 948 1043 usitata,
960 954 1161 1028 Tullianum

155 1089 288 1164 nempe
308 1073 355 1138 'ac
373 1067 597 1157 Phnianum,
611 1065 711 1162 quod
733 1065 902 1166 deinceps
928 1067 1161 1164 Symmachus

156 1203 199 1252 ac
211 1180 381 1252 Sidonius
407 1180 518 1252 secuti
538 1193 638 1268 sunt,
657 1193 693 1250 et
711 1181 994 1253 Frontonianum
1018 1181 1162 1254 dicendi

157 1317 296 1388 genus,
332 1295 454 1366 animo
486 1306 717 1390 repetentes,
750 1293 951 1365 existimare
981 1295 1161 1366 Victorem

156 1431 273 1478 unum
302 1432 345 1478 ex
369 1408 419 1478 iis
449 1405 643 1478 Galliarum
679 1431 715 1476 1v
745 1406 863 1478 saeculi
890 1408 1065 1504 magistris
1089 1408 1161 1479 elo·

157 1521 311 1617 quen'tiae
327 1520 516 1610 exstitisse,
538 1513 737 1616 qui'potius
758 1521 1031 1592 Ciceronianam
1052 1545 1161 1617 quam

157 1632 357 1705 Plinianam
372 1632 728 1728 Frontoniauamque
746 1645 879 1704 sectam
902 1631 1056 1730 amplexi
1075 1633 1157 1704 siut.

157 1749 237 1817 Non
261 1745 360 1842 quod
377 1744 528 1816 omnino
547 1758 681 1815 ceteras
702 1743 911 1839 neglexerit,
933 1727 1059 1842 utpote
1075 1746 1159 1842 qui,

157 1873 197 1930 ut
213 1857 408 1948 rhetorices
421 1856 543 1928 titulus
559 1881 600 1927 ac
616 1855 697 1926 finis
709 1870 900 1946 testantur,
915 1857 1008 1927 inter
1018 1856 1163 1928 dicendi

156 1985 321 2044 auctores
329 1971 462 2042 lulium
475 1970 665 2056 Titianum,
676 1969 927 2040 Frontonianae
936 1983 1039 2040 sectae
1050 1969 1163 2040 homi-

156 2108 243 2156 nem
267 2098 409 2155 secutus
431 2085 497 2173 sit;
519 2081 582 2153 sed
595 2081 706 2178 'quod
726 2083 902 2180 imprimis
924 2082 1076 2182 Tullium
1095 2081 1163 2154 sihi

157 2195 375 2296 dicendique
405 2211 590 2267 auctorem
615 2195 857 2291 proposuerit.
886 2193 973 2265 Inde
997 2193 1038 2266 fit
1062 2193 1163 2291 quod

155 2308 290 2407 passim
307 2309 343 2377 in
367 2307 474 2402 hujus
494 2302 712 2403 compendio
738 2289 1011 2397 annotavimuS,
1033 2321 1070 2376 ut
1084 2303 1164 2375 nul-

156 2420 233 2494 lum
250 2422 360 2492 alium
378 2421 542 2492 Latinum
562 2417 705 2489 dicendi
724 2432 997 2516 praeceptorem,
1018 2420 1086 2490 nisi
1106 2423 1163 2492 Ci-

158 2559 329 2607 ceronem
350 2549 386 2604 et
401 2532 509 2627 hujus
530 2531 752 2628 praecipuum
767 2531 1021 2603 admiratorem
1034 2537 1081 2603 M.
1099 2537 1164 2603 Fa·

117 2723 120 2746 ,
156 2647 260 2719 bium
274 2646 503 2735 annominet,
521 2669 562 2715 ac
576 2667 763 2739 nunquam
783 2668 900 2740 neque
918 2646 1085 2736 Plinium,
1104 2671 1164 2716 ne·

158 2785 229 2858 que
246 2766 479 2847 Frontonem,
492 2763 611 2855 neque
621 2756 897 2852 Symmachum,
911 2757 940 2828 si
957 2757 1048 2830 forte
1063 2757 1165 2828 illum

157 2897 310 2944 noscere
342 2872 522 2970 potuerit,
544 2869 885 2942 commemorandos
910 2895 986 2942 esse
1016 2872 1123 2943 ducat
1138 2874 1160 2940 ¹.

159 2989 295 3058 Contra
313 2999 435 3056 autern
451 2999 590 3055 tantum
609 2982 709 3054 abest
727 2997 765 3053 ut
783 3006 910 3053 eorum
929 3001 1107 3082 praecepta
1131 3000 1166 3058 et

159 3097 325 3196 exempla
340 3097 410 3168 sibi
424 3095 693 3183 accommodet,
713 3110 754 3166 ut
768 3094 902 3192 ubique
919 3095 1063 3169 dicendi
1081 3098 1166 3197 pha·

159 3210 317 3282 lerarum
334 3224 369 3281 et
385 3208 618 3280 flosculorum
633 3223 669 3280 et
690 3208 852 3279 inanium
869 3209 905 3280 in
923 3212 1106 3282 sententiis
1123 3209 1164 3282 il·

159 3325 384 3398 lecebrarum
409 3321 668 3421 reprehensor,
689 3320 825 3417 largam
849 3321 946 3394 illam
973 3338 1007 3393 et
1032 3339 1167 3396 naturae

161 3451 305 3538 semper
329 3451 608 3510 consentaneam
636 3433 738 3504 Tullii
767 3427 1008 3531 eloquentiam
1034 3438 1165 3508 sivein

162 3551 405 3637 orationihus,
422 3551 495 3621 sive
511 3551 547 3619 iu
563 3545 722 3645 epistolis
740 3548 829 3619 mira
848 3546 1074 3647 simplicitate
1089 3575 1168 3622 ver·

161 3666 295 3738 borum
305 3688 476 3736 aererum
488 3663 657 3736 varietate
669 3660 843 3732 distinctis
857 3662 1026 3758 requirat.
1043 3666 1167 3764 ltaque
1221 3649 1225 3658 ¹

163 3776 270 3876 longe
281 3777 444 3876 prolecto
462 3773 738 3872 aSymmaeho³
754 3774 861 3846 distat
886 3774 961 3846 haec
981 3776 1028 3847 ad
1053 3775 1167 3848 filium

189 3944 234 4011 vl.
255 3949 329 4010 Vide
343 3971 373 4028 p.
388 3931 418 4010 l.

203 4043 233 4100 2.
253 4039 327 4098 Vide
346 4059 374 4116 p.
396 4042 452 4114 ll,
470 4057 500 4117 p.
517 4040 587 4100 102.

206 4131 235 4189 3.
260 4127 427 4207 Symmach.
442 4128 535 4204 Epist.
552 4129 617 4202 Vll,
634 4145 675 4186 xr.
