2870 5050
644 371 865 443 -ttu-

250 524 530 596 dramaticorum
548 525 751 612 auctorum,
766 520 945 602 assiduam
960 519 1150 594 lectionem
1169 522 1259 592 rnul-

250 655 328 710 tum
342 638 389 710 ad
406 638 619 710 elocutionis
633 651 668 708 et
682 636 859 707 sermonis
872 635 1082 730 elegantiam
1095 635 1258 709 conferre

251 753 463 841 arbitratur3
494 777 564 848 qua
592 749 681 821 nihil
710 749 891 820 excelsum
917 773 960 820 ex
982 751 1063 820 imis
1084 750 1259 846 quodam·

251 866 363 937 modo
383 865 620 964 philosophiae
648 861 905 962 penetralibus,
926 863 962 932 in
990 862 1257 958 eloquentiam,

251 977 353 1050 Tullii
382 979 471 1068 ritu,
494 977 708 1069 transtulit¹3
728 1000 798 1072 qua
816 975 972 1072 denique
989 975 1105 1046 studia
1129 990 1164 1046 et
1182 1003 1261 1048 mo·

248 1091 308 1161 'res
327 1107 362 1160 et
385 1090 593 1186 religionem
624 1104 659 1160 et
689 1088 798 1160 vitam
829 1103 865 1158 et
892 1088 1138 1160 conditionem
1163 1088 1262 1160 baud

253 1205 421 1300 disparia,
435 1219 474 1275 ut
483 1202 672 1274 verisimile
683 1217 748 1292 est,
762 1227 888 1272 eorum
899 1202 1037 1292 habuit,
1052 1201 1178 1300 quaein
1189 1202 1263 1300 ple..

253 1315 374 1422 risque
398 1351 434 1396 1v
463 1325 526 1399 aevi
557 1322 752 1394 Galliarum
787 1323 1065 1421 praeceptoribus
1097 1325 1263 1395 annotari

253 1455 416 1536 possunt.
437 1437 695 1536 plerorumque
714 1439 811 1508 enim
828 1438 952 1526 instar,
973 1463 1056 1508 eum
1071 1452 1167 1508 totus
1181 1437 1263 1508 rbe-

255 1555 383 1628 torices
401 1553 540 1626 libellus
559 1554 783 1625 demonstrat
794 1568 831 1624 et
843 1551 1096 1623 scholasticum
1112 1553 1262 1624 omnino

254 1691 355 1765 paene
372 1692 393 1738 a
411 1667 506 1748 civili
525 1667 594 1737 vita
614 1682 795 1737 remotum
816 1666 1001 1736 homiuem
1020 1666 1144 1754 fuisse,
1165 1681 1200 1736 et
1217 1666 1264 1736 si-

254 1795 316 1850 cut
342 1780 455 1850 Maius
483 1777 715 1876 probabiliter
740 1779 937 1873 conjecit¹,
965 1778 1051 1850 hinc
1068 1779 1263 1850 Galliarum

254 1891 291 1962 in
310 1893 503 1987 gymnasiis
517 1891 822 1990 quibusdam,

254 2004 344 2076 riam
362 2020 475 2076 artem
492 2031 568 2077 esse
584 2006 804 2106 professum,
825 2005 911 2076 hinc
930 2020 1051 2077 arrtem
1071 2004 1266 2076 Rhetoricae

256 2117 348 2188 Artis
364 2143 469 2188 suum
481 2117 753 2216 compendium,
766 2119 915 2190 studiosi
931 2118 1122 2213 alicujoset
1140 2117 1266 2187 illustri

255 2231 338 2302 loco
351 2233 420 2302 orti
434 2234 544 2328 gratia
550 2233 706 2327 juvenis,
720 2233 983 2330 composuisse3
1003 2232 1104 2327 cujus
1118 2231 1267 2302 fortasse

257 2344 395 2434 studiis,
415 2345 512 2416 velut
531 2345 712 2416 Maximini
730 2346 883 2440 junioris
900 2345 1081 2433 Titianus,
1107 2345 1267 2415 Gratiani

258 2456 451 2543 Ausonius,
469 2472 505 2527 et
519 2456 670 2528 aliorum
693 2458 768 2548 alii,
789 2459 998 2557 praepositus
1011 2472 1076 2530 est.
1093 2461 1146 2527 De
1155 2456 1269 2528 ethni·

258 2566 308 2637 cis
324 2590 411 2637 vero
429 2569 623 2660 erroribus,
638 2596 730 2667 quos
747 2597 830 2642 cum
843 2569 963 2642 multis
980 2569 1175 2666 aequalibus
1190 2569 1269 2640 rbe-

257 2677 393 2751 toribus
418 2707 630 2756 communes
651 2689 691 2755 C.
724 2685 835 2756 Julius
863 2688 986 2756 Victor
1020 2683 1166 2773 babuit,
1193 2683 1269 2777 jam

259 2791 447 2886 diximus³3
475 2820 516 2867 ac
535 2797 581 2868 de
605 2799 677 2869 vita
700 2813 735 2870 et
758 2798 967 2870 conditione
984 2796 1158 2886 obscura,
1183 2821 1267 2867 eum

260 2931 303 2978 ex
333 2909 413 2978 Maii
442 2911 651 2982 auctoritate
675 2912 843 3010 suspicati
873 2913 1023 2982 sumus*
1049 2912 1196 2982 forsitan
1223 2909 1268 2982 ab

261 3252 380 3292 sucrum
401 3234 551 3312 principiis
572 3233 705 3292 faciuut›
692 3238 733 3308 (
740 3255 805 3314 cap
827 3240 898 3313 xv);
913 3256 991 3294 nunc
1014 3235 1112 3294 ornari
1130 3233 1269 3294 elocutio-

260 3342 327 3384 nem
355 3325 500 3404 praecipue
529 3324 722 3404 descriptione
753 3325 840 3400 dicit,
873 3328 956 3400 cujus
991 3325 1105 3404 poetica
1137 3323 1266 3402 quaedam

261 3408 395 3492 exempla
416 3415 522 3474 indicat
543 3421 622 3494 (cap.
649 3421 747 3492 xx11);
772 3436 850 3476 nunc
871 3417 908 3476 ad
931 3417 1071 3476 sermonis
1095 3415 1267 3494 elegantiam

262 3507 393 3565 conferre
407 3508 562 3565 comoedias
576 3519 689 3566 veteres
703 3521 849 3567 asseverat
862 3512 941 3586 (cap.
957 3511 1054 3581 xxvr).

302 3610 332 3664 l.
349 3607 457 3686 Videp.
465 3612 516 3668 at·
517 3612 567 3666 25.
577 3601 1268 3687 CeterumueadmiremurquodlibenterVirgilii

264 3695 395 3772 quaedam
403 3697 540 3776 Victorpr
541 3699 700 3776 oposuent
709 3712 774 3778 pust
787 3699 930 3758 Gathcum
939 3698 1021 3757 illum
1028 3697 1174 3758 rhetorem
1183 3697 1269 3756 Titia·

262 3804 333 3843 num
341 3784 431 3862 ,qui,
447 3799 479 3844 ut
491 3800 573 3846 notat
588 3789 705 3848 Servius
720 3787 777 3862 (ad
793 3791 908 3846 AEner'd.
925 3789 970 3866 X)
978 3788 1158 3862 ,thematum
1173 3801 1267 3848 mate-

263 3875 320 3935 rias
330 3895 430 3934 omues
445 3875 482 3935 de
494 3877 613 3956 Virgilio
625 3880 735 3950 elicuit,
749 3892 778 3938 et
788 3879 980 3938 conformavit
991 3878 1027 3938 ad
1042 3879 1156 3940 dicendi
1171 3897 1266 3940 usum.

281 3969 333 4030 2.
358 3966 461 4042 Maius,
479 3971 524 4026 de·
529 3971 634 4028 Victor.
650 3973 791 4030 Rhetoric.
806 3991 978 4049 ,p..uxv111

280 4059 334 4126 (3
358 4056 474 4136 Videp.
491 4061 543 4116 52·
545 4062 594 4118 59.

281 4150 339 4214 [d.
360 4147 433 4207 Vide
446 4169 476 4227 p.
495 4152 557 4208 3-5.
