<?xml version="1.0" encoding="UTF-8"?>
<!DOCTYPE html PUBLIC "-//W3C//DTD XHTML 1.0 Transitional//EN"
    "http://www.w3.org/TR/xhtml1/DTD/xhtml1-transitional.dtd">
<html xmlns="http://www.w3.org/1999/xhtml" xml:lang="en" lang="en">
 <head>
  <title>
</title>
<meta http-equiv="Content-Type" content="text/html;charset=utf-8" />
  <meta name='ocr-system' content='tesseract 3.04.00' />
  <meta name='ocr-capabilities' content='ocr_page ocr_carea ocr_par ocr_line ocrx_word'/>
</head>
<body>
  <div class='ocr_page' id='page_1' title='image "./decaiijuliivict00victgoog_0116.png"; bbox 0 0 2880 5058; ppageno 0'>
   <div class='ocr_carea' id='block_1_1' title="bbox 569 337 790 409">
    <p class='ocr_par' dir='ltr' id='par_1_1' title="bbox 569 337 790 409">
     <span class='ocr_line' id='line_1_1' title="bbox 569 337 790 409; baseline -0.005 0"><span class='ocrx_word' id='word_1_1' title='bbox 569 337 790 409; x_wconf 72' lang='lat'><strong>-403-</strong></span> 
     </span>
    </p>
   </div>
   <div class='ocr_carea' id='block_1_2' title="bbox 110 487 1191 3976">
    <p class='ocr_par' dir='ltr' id='par_1_2' title="bbox 110 487 1191 3976">
     <span class='ocr_line' id='line_1_2' title="bbox 172 487 1178 592; baseline 0.004 -34"><span class='ocrx_word' id='word_1_2' title='bbox 172 512 247 586; x_wconf 86' lang='lat' dir='ltr'><strong>qua</strong></span> <span class='ocrx_word' id='word_1_3' title='bbox 260 487 411 558; x_wconf 90' lang='lat' dir='ltr'><strong>varietas</strong></span> <span class='ocrx_word' id='word_1_4' title='bbox 420 508 555 578; x_wconf 89' lang='lat' dir='ltr'><strong>rerum,</strong></span> <span class='ocrx_word' id='word_1_5' title='bbox 567 509 639 582; x_wconf 92' lang='lat' dir='ltr'><strong>qua</strong></span> <span class='ocrx_word' id='word_1_6' title='bbox 653 487 876 583; x_wconf 87' lang='lat' dir='ltr'><strong>magnitud0,</strong></span> <span class='ocrx_word' id='word_1_7' title='bbox 887 487 1084 592; x_wconf 76' lang='lat' dir='ltr'><strong>largissime</strong></span> <span class='ocrx_word' id='word_1_8' title='bbox 1095 517 1178 592; x_wconf 86' lang='lat' dir='ltr'><strong>sup-</strong></span> 
     </span>
     <span class='ocr_line' id='line_1_3' title="bbox 172 599 1176 700; baseline 0.002 -27"><span class='ocrx_word' id='word_1_9' title='bbox 172 599 330 700; x_wconf 90' lang='lat' dir='ltr'><strong>petebat.</strong></span> <span class='ocrx_word' id='word_1_10' title='bbox 351 605 423 671; x_wconf 90' lang='lat' dir='ltr'><strong>Nos</strong></span> <span class='ocrx_word' id='word_1_11' title='bbox 444 621 551 695; x_wconf 86' lang='lat' dir='ltr'><strong>quarn</strong></span> <span class='ocrx_word' id='word_1_12' title='bbox 581 601 738 695; x_wconf 89' lang='lat' dir='ltr'><strong>augustis</strong></span> <span class='ocrx_word' id='word_1_13' title='bbox 763 601 923 674; x_wconf 89' lang='lat' dir='ltr'><strong>terminis</strong></span> <span class='ocrx_word' id='word_1_14' title='bbox 947 603 1176 698; x_wconf 81' lang='lat' dir='ltr'><strong>claudamur,</strong></span> 
     </span>
     <span class='ocr_line' id='line_1_4' title="bbox 173 715 1181 818; baseline 0.002 -30"><span class='ocrx_word' id='word_1_15' title='bbox 173 717 283 788; x_wconf 89' lang='lat' dir='ltr'><strong>etiam</strong></span> <span class='ocrx_word' id='word_1_16' title='bbox 310 729 452 787; x_wconf 90' lang='lat' dir='ltr'><strong>tacente</strong></span> <span class='ocrx_word' id='word_1_17' title='bbox 476 738 551 804; x_wconf 91' lang='lat' dir='ltr'><strong>me,</strong></span> <span class='ocrx_word' id='word_1_18' title='bbox 577 715 777 818; x_wconf 90' lang='lat' dir='ltr'><strong>perspicis:</strong></span> <span class='ocrx_word' id='word_1_19' title='bbox 806 715 871 785; x_wconf 92' lang='lat' dir='ltr'><strong>nisi</strong></span> <span class='ocrx_word' id='word_1_20' title='bbox 901 715 991 788; x_wconf 83' lang='lat' dir='ltr'><strong>sorte</strong></span> <span class='ocrx_word' id='word_1_21' title='bbox 1016 717 1181 790; x_wconf 87' lang='lat' dir='ltr'><strong>volumus</strong></span> 
     </span>
     <span class='ocr_line' id='line_1_5' title="bbox 174 825 1183 924; baseline 0.004 -24"><span class='ocrx_word' id='word_1_22' title='bbox 174 827 405 900; x_wconf 89' lang='lat' dir='ltr'><strong>scholasticas</strong></span> <span class='ocrx_word' id='word_1_23' title='bbox 432 825 497 897; x_wconf 90' lang='lat' dir='ltr'><strong>tibi</strong></span> <span class='ocrx_word' id='word_1_24' title='bbox 525 840 632 924; x_wconf 88' lang='lat' dir='ltr'><strong>atque</strong></span> <span class='ocrx_word' id='word_1_25' title='bbox 664 829 724 922; x_wconf 85' lang='lat' dir='ltr'><strong>(ut</strong></span> <span class='ocrx_word' id='word_1_26' title='bbox 740 825 787 897; x_wconf 91' lang='lat' dir='ltr'><strong>ita</strong></span> <span class='ocrx_word' id='word_1_27' title='bbox 805 826 947 924; x_wconf 88' lang='lat' dir='ltr'><strong>dicam)</strong></span> <span class='ocrx_word' id='word_1_28' title='bbox 967 828 1183 906; x_wconf 87' lang='lat' dir='ltr'><strong>umbraticas</strong></span> 
     </span>
     <span class='ocr_line' id='line_1_6' title="bbox 172 940 1184 1041; baseline 0.002 -28"><span class='ocrx_word' id='word_1_29' title='bbox 172 941 309 1013; x_wconf 72' lang='lat' dir='ltr'><strong>litteras</strong></span> <span class='ocrx_word' id='word_1_30' title='bbox 328 942 515 1012; x_wconf 84' lang='lat' dir='ltr'><strong>mittere.»</strong></span> <span class='ocrx_word' id='word_1_31' title='bbox 534 943 612 1010; x_wconf 84' lang='lat' dir='ltr'><strong>Non</strong></span> <span class='ocrx_word' id='word_1_32' title='bbox 628 940 727 1040; x_wconf 92' lang='lat' dir='ltr'><strong>quod</strong></span> <span class='ocrx_word' id='word_1_33' title='bbox 743 964 1006 1041; x_wconf 80' lang='lat' dir='ltr'><strong>nonnunquam</strong></span> <span class='ocrx_word' id='word_1_34' title='bbox 1027 945 1063 1012; x_wconf 91' lang='lat' dir='ltr'><strong>iu</strong></span> <span class='ocrx_word' id='word_1_35' title='bbox 1081 944 1184 1016; x_wconf 83' lang='lat' dir='ltr'><strong>Plinii</strong></span> 
     </span>
     <span class='ocr_line' id='line_1_7' title="bbox 110 1052 1184 1154; baseline 0.001 -28"><span class='ocrx_word' id='word_1_36' title='bbox 110 1057 112 1062; x_wconf 79' lang='grc'><strong>’</strong></span> <span class='ocrx_word' id='word_1_37' title='bbox 173 1053 353 1151; x_wconf 72' lang='lat' dir='ltr'><strong>epistolis⁴</strong></span> <span class='ocrx_word' id='word_1_38' title='bbox 372 1052 535 1150; x_wconf 86' lang='lat' dir='ltr'><strong>quaedam</strong></span> <span class='ocrx_word' id='word_1_39' title='bbox 552 1077 626 1123; x_wconf 95' lang='lat' dir='ltr'><strong>non</strong></span> <span class='ocrx_word' id='word_1_40' title='bbox 643 1068 834 1124; x_wconf 89' lang='lat' dir='ltr'><strong>occurrant</strong></span> <span class='ocrx_word' id='word_1_41' title='bbox 849 1053 955 1148; x_wconf 86' lang='lat' dir='ltr'><strong>(sicut</strong></span> <span class='ocrx_word' id='word_1_42' title='bbox 972 1054 1130 1154; x_wconf 88' lang='lat' dir='ltr'><strong>epistolae</strong></span> <span class='ocrx_word' id='word_1_43' title='bbox 1147 1057 1184 1127; x_wconf 93' lang='lat' dir='ltr'><strong>in</strong></span> 
     </span>
     <span class='ocr_line' id='line_1_8' title="bbox 173 1167 1185 1266; baseline 0.002 -28"><span class='ocrx_word' id='word_1_44' title='bbox 173 1167 307 1266; x_wconf 91' lang='lat' dir='ltr'><strong>quibus</strong></span> <span class='ocrx_word' id='word_1_45' title='bbox 320 1182 439 1237; x_wconf 90' lang='lat' dir='ltr'><strong>narrat</strong></span> <span class='ocrx_word' id='word_1_46' title='bbox 453 1167 640 1263; x_wconf 93' lang='lat' dir='ltr'><strong>quomodo</strong></span> <span class='ocrx_word' id='word_1_47' title='bbox 655 1182 718 1238; x_wconf 88' lang='lat' dir='ltr'><strong>aut</strong></span> <span class='ocrx_word' id='word_1_48' title='bbox 734 1167 810 1266; x_wconf 91' lang='lat' dir='ltr'><strong>ipse</strong></span> <span class='ocrx_word' id='word_1_49' title='bbox 826 1169 1033 1239; x_wconf 89' lang='lat' dir='ltr'><strong>autTacitus</strong></span> <span class='ocrx_word' id='word_1_50' title='bbox 1050 1169 1185 1242; x_wconf 91' lang='lat' dir='ltr'><strong>amicus</strong></span> 
     </span>
     <span class='ocr_line' id='line_1_9' title="bbox 172 1279 1185 1378; baseline 0.002 -25"><span class='ocrx_word' id='word_1_51' title='bbox 172 1306 298 1354; x_wconf 88' lang='lat' dir='ltr'><strong>causas</strong></span> <span class='ocrx_word' id='word_1_52' title='bbox 315 1279 504 1376; x_wconf 89' lang='lat' dir='ltr'><strong>quasdam,</strong></span> <span class='ocrx_word' id='word_1_53' title='bbox 520 1295 695 1378; x_wconf 86' lang='lat' dir='ltr'><strong>quantum</strong></span> <span class='ocrx_word' id='word_1_54' title='bbox 713 1295 876 1378; x_wconf 87' lang='lat' dir='ltr'><strong>tempora</strong></span> <span class='ocrx_word' id='word_1_55' title='bbox 893 1281 1076 1371; x_wconf 83' lang='lat' dir='ltr'><strong>sinebant,</strong></span> <span class='ocrx_word' id='word_1_56' title='bbox 1097 1282 1185 1356; x_wconf 92' lang='lat' dir='ltr'><strong>cele-</strong></span> 
     </span>
     <span class='ocr_line' id='line_1_10' title="bbox 172 1393 1191 1494; baseline 0.002 -28"><span class='ocrx_word' id='word_1_57' title='bbox 172 1393 257 1466; x_wconf 89' lang='lat' dir='ltr'><strong>bres</strong></span> <span class='ocrx_word' id='word_1_58' title='bbox 270 1394 420 1490; x_wconf 77' lang='lat' dir='ltr'><strong>egerint,</strong></span> <span class='ocrx_word' id='word_1_59' title='bbox 437 1405 499 1464; x_wconf 89' lang='lat' dir='ltr'><strong>aut</strong></span> <span class='ocrx_word' id='word_1_60' title='bbox 515 1393 603 1490; x_wconf 88' lang='lat' dir='ltr'><strong>quid</strong></span> <span class='ocrx_word' id='word_1_61' title='bbox 621 1393 656 1463; x_wconf 93' lang='lat' dir='ltr'><strong>in</strong></span> <span class='ocrx_word' id='word_1_62' title='bbox 676 1393 767 1464; x_wconf 73' lang='lat' dir='ltr'><strong>villis</strong></span> <span class='ocrx_word' id='word_1_63' title='bbox 778 1396 967 1467; x_wconf 77' lang='lat' dir='ltr'><strong>rusticans</strong></span> <span class='ocrx_word' id='word_1_64' title='bbox 980 1397 1043 1470; x_wconf 92' lang='lat' dir='ltr'><strong>otii</strong></span> <span class='ocrx_word' id='word_1_65' title='bbox 1053 1397 1191 1494; x_wconf 76' lang='lat' dir='ltr'><strong>capiat,</strong></span> 
     </span>
     <span class='ocr_line' id='line_1_11' title="bbox 174 1504 1185 1604; baseline 0.001 -25"><span class='ocrx_word' id='word_1_66' title='bbox 174 1521 235 1580; x_wconf 87' lang='lat' dir='ltr'><strong>aut</strong></span> <span class='ocrx_word' id='word_1_67' title='bbox 258 1520 396 1604; x_wconf 89' lang='lat' dir='ltr'><strong>quanto</strong></span> <span class='ocrx_word' id='word_1_68' title='bbox 425 1506 543 1577; x_wconf 94' lang='lat' dir='ltr'><strong>studio</strong></span> <span class='ocrx_word' id='word_1_69' title='bbox 569 1505 807 1578; x_wconf 87' lang='lat' dir='ltr'><strong>litteratorum</strong></span> <span class='ocrx_word' id='word_1_70' title='bbox 833 1504 986 1579; x_wconf 91' lang='lat' dir='ltr'><strong>circulos</strong></span> <span class='ocrx_word' id='word_1_71' title='bbox 1013 1523 1048 1580; x_wconf 88' lang='lat' dir='ltr'><strong>et</strong></span> <span class='ocrx_word' id='word_1_72' title='bbox 1077 1533 1185 1580; x_wconf 88' lang='lat' dir='ltr'><strong>vanas</strong></span> 
     </span>
     <span class='ocr_line' id='line_1_12' title="bbox 173 1618 1181 1718; baseline 0.004 -28"><span class='ocrx_word' id='word_1_73' title='bbox 173 1621 401 1692; x_wconf 69' lang='lat' dir='ltr'><strong>recitationes</strong></span> <span class='ocrx_word' id='word_1_74' title='bbox 417 1618 685 1717; x_wconf 79' lang='lat' dir='ltr'><strong>amplectatur),</strong></span> <span class='ocrx_word' id='word_1_75' title='bbox 703 1645 781 1718; x_wconf 79' lang='lat' dir='ltr'><strong>quae</strong></span> <span class='ocrx_word' id='word_1_76' title='bbox 795 1622 992 1695; x_wconf 89' lang='lat' dir='ltr'><strong>consularis</strong></span> <span class='ocrx_word' id='word_1_77' title='bbox 1009 1621 1181 1718; x_wconf 89' lang='lat' dir='ltr'><strong>bominis,</strong></span> 
     </span>
     <span class='ocr_line' id='line_1_13' title="bbox 174 1733 1186 1836; baseline 0.003 -31"><span class='ocrx_word' id='word_1_78' title='bbox 174 1757 217 1805; x_wconf 87' lang='lat' dir='ltr'><strong>ea</strong></span> <span class='ocrx_word' id='word_1_79' title='bbox 239 1747 354 1825; x_wconf 86' lang='lat' dir='ltr'><strong>aetate,</strong></span> <span class='ocrx_word' id='word_1_80' title='bbox 386 1733 494 1804; x_wconf 87' lang='lat' dir='ltr'><strong>vitam</strong></span> <span class='ocrx_word' id='word_1_81' title='bbox 522 1748 556 1804; x_wconf 88' lang='lat' dir='ltr'><strong>et</strong></span> <span class='ocrx_word' id='word_1_82' title='bbox 581 1734 826 1806; x_wconf 90' lang='lat' dir='ltr'><strong>conditionem</strong></span> <span class='ocrx_word' id='word_1_83' title='bbox 851 1751 884 1807; x_wconf 90' lang='lat' dir='ltr'><strong>et</strong></span> <span class='ocrx_word' id='word_1_84' title='bbox 909 1735 1134 1836; x_wconf 88' lang='lat' dir='ltr'><strong>dignitatem,</strong></span> <span class='ocrx_word' id='word_1_85' title='bbox 1156 1739 1186 1809; x_wconf 94' lang='lat' dir='ltr'><strong>si</strong></span> 
     </span>
     <span class='ocr_line' id='line_1_14' title="bbox 173 1845 1182 1944; baseline 0.001 -24"><span class='ocrx_word' id='word_1_86' title='bbox 173 1871 258 1920; x_wconf 87' lang='lat' dir='ltr'><strong>cum</strong></span> <span class='ocrx_word' id='word_1_87' title='bbox 276 1845 454 1917; x_wconf 81' lang='lat' dir='ltr'><strong>veteribus</strong></span> <span class='ocrx_word' id='word_1_88' title='bbox 474 1845 661 1939; x_wconf 76' lang='lat' dir='ltr'><strong>conteras,</strong></span> <span class='ocrx_word' id='word_1_89' title='bbox 689 1848 914 1944; x_wconf 85' lang='lat' dir='ltr'><strong>singulariter</strong></span> <span class='ocrx_word' id='word_1_90' title='bbox 938 1851 1182 1944; x_wconf 86' lang='lat' dir='ltr'><strong>imminutam,</strong></span> 
     </span>
     <span class='ocr_line' id='line_1_15' title="bbox 172 1959 1187 2062; baseline 0.003 -32"><span class='ocrx_word' id='word_1_91' title='bbox 172 1960 358 2062; x_wconf 82' lang='lat' dir='ltr'><strong>verissime</strong></span> <span class='ocrx_word' id='word_1_92' title='bbox 397 1959 604 2057; x_wconf 82' lang='lat' dir='ltr'><strong>depingant.</strong></span> <span class='ocrx_word' id='word_1_93' title='bbox 637 1960 707 2032; x_wconf 87' lang='lat' dir='ltr'><strong>Sed</strong></span> <span class='ocrx_word' id='word_1_94' title='bbox 740 1960 827 2058; x_wconf 91' lang='lat' dir='ltr'><strong>quid</strong></span> <span class='ocrx_word' id='word_1_95' title='bbox 870 1963 993 2032; x_wconf 87' lang='lat' dir='ltr'><strong>omnia</strong></span> <span class='ocrx_word' id='word_1_96' title='bbox 1026 1962 1121 2053; x_wconf 81' lang='lat' dir='ltr'><strong>baec,</strong></span> <span class='ocrx_word' id='word_1_97' title='bbox 1157 1963 1187 2033; x_wconf 90' lang='lat' dir='ltr'><strong>si</strong></span> 
     </span>
     <span class='ocr_line' id='line_1_16' title="bbox 173 2070 1188 2170; baseline 0 -26"><span class='ocrx_word' id='word_1_98' title='bbox 173 2072 310 2168; x_wconf 86' lang='lat' dir='ltr'><strong>cogites</strong></span> <span class='ocrx_word' id='word_1_99' title='bbox 328 2070 373 2142; x_wconf 93' lang='lat' dir='ltr'><strong>de</strong></span> <span class='ocrx_word' id='word_1_100' title='bbox 390 2073 571 2143; x_wconf 87' lang='lat' dir='ltr'><strong>Ciceronis</strong></span> <span class='ocrx_word' id='word_1_101' title='bbox 585 2073 730 2167; x_wconf 88' lang='lat' dir='ltr'><strong>ingenio</strong></span> <span class='ocrx_word' id='word_1_102' title='bbox 749 2073 931 2170; x_wconf 90' lang='lat' dir='ltr'><strong>proposita</strong></span> <span class='ocrx_word' id='word_1_103' title='bbox 946 2072 1058 2144; x_wconf 89' lang='lat' dir='ltr'><strong>libera</strong></span> <span class='ocrx_word' id='word_1_104' title='bbox 1074 2088 1109 2144; x_wconf 90' lang='lat' dir='ltr'><strong>et</strong></span> <span class='ocrx_word' id='word_1_105' title='bbox 1124 2098 1188 2144; x_wconf 89' lang='lat' dir='ltr'><strong>na-</strong></span> 
     </span>
     <span class='ocr_line' id='line_1_17' title="bbox 172 2183 1186 2284; baseline 0.001 -28"><span class='ocrx_word' id='word_1_106' title='bbox 172 2185 282 2256; x_wconf 87' lang='lat' dir='ltr'><strong>turali</strong></span> <span class='ocrx_word' id='word_1_107' title='bbox 298 2199 334 2255; x_wconf 87' lang='lat' dir='ltr'><strong>et</strong></span> <span class='ocrx_word' id='word_1_108' title='bbox 351 2183 484 2282; x_wconf 89' lang='lat' dir='ltr'><strong>ampla,</strong></span> <span class='ocrx_word' id='word_1_109' title='bbox 497 2200 532 2255; x_wconf 87' lang='lat' dir='ltr'><strong>et</strong></span> <span class='ocrx_word' id='word_1_110' title='bbox 546 2185 714 2256; x_wconf 92' lang='lat' dir='ltr'><strong>omnibus</strong></span> <span class='ocrx_word' id='word_1_111' title='bbox 728 2185 848 2257; x_wconf 91' lang='lat' dir='ltr'><strong>modis</strong></span> <span class='ocrx_word' id='word_1_112' title='bbox 858 2186 1004 2273; x_wconf 80' lang='lat' dir='ltr'><strong>variata,</strong></span> <span class='ocrx_word' id='word_1_113' title='bbox 1024 2199 1059 2256; x_wconf 93' lang='lat' dir='ltr'><strong>et</strong></span> <span class='ocrx_word' id='word_1_114' title='bbox 1071 2210 1186 2284; x_wconf 90' lang='lat' dir='ltr'><strong>prope</strong></span> 
     </span>
     <span class='ocr_line' id='line_1_18' title="bbox 171 2296 1187 2398; baseline 0.003 -29"><span class='ocrx_word' id='word_1_115' title='bbox 171 2297 328 2385; x_wconf 81' lang='lat' dir='ltr'><strong>infinita,</strong></span> <span class='ocrx_word' id='word_1_116' title='bbox 343 2299 379 2368; x_wconf 91' lang='lat' dir='ltr'><strong>in</strong></span> <span class='ocrx_word' id='word_1_117' title='bbox 395 2298 553 2396; x_wconf 90' lang='lat' dir='ltr'><strong>epistolis</strong></span> <span class='ocrx_word' id='word_1_118' title='bbox 567 2298 747 2370; x_wconf 87' lang='lat' dir='ltr'><strong>scribendi</strong></span> <span class='ocrx_word' id='word_1_119' title='bbox 757 2314 1067 2398; x_wconf 89' lang='lat' dir='ltr'><strong>tottantasquercs</strong></span> <span class='ocrx_word' id='word_1_120' title='bbox 1081 2296 1187 2372; x_wconf 88' lang='lat' dir='ltr'><strong>lacul-</strong></span> 
     </span>
     <span class='ocr_line' id='line_1_19' title="bbox 172 2409 1187 2512; baseline -0.002 -28"><span class='ocrx_word' id='word_1_121' title='bbox 172 2409 276 2484; x_wconf 83' lang='lat' dir='ltr'><strong>tate?</strong></span> <span class='ocrx_word' id='word_1_122' title='bbox 297 2412 449 2484; x_wconf 80' lang='lat' dir='ltr'><strong>Abunde</strong></span> <span class='ocrx_word' id='word_1_123' title='bbox 466 2413 572 2508; x_wconf 90' lang='lat' dir='ltr'><strong>igitur</strong></span> <span class='ocrx_word' id='word_1_124' title='bbox 591 2439 705 2509; x_wconf 91' lang='lat' dir='ltr'><strong>quum</strong></span> <span class='ocrx_word' id='word_1_125' title='bbox 723 2414 885 2512; x_wconf 90' lang='lat' dir='ltr'><strong>plurimis</strong></span> <span class='ocrx_word' id='word_1_126' title='bbox 901 2413 946 2484; x_wconf 88' lang='lat' dir='ltr'><strong>de</strong></span> <span class='ocrx_word' id='word_1_127' title='bbox 962 2411 1089 2504; x_wconf 89' lang='lat' dir='ltr'><strong>causis,</strong></span> <span class='ocrx_word' id='word_1_128' title='bbox 1110 2428 1187 2483; x_wconf 91' lang='lat' dir='ltr'><strong>tum</strong></span> 
     </span>
     <span class='ocr_line' id='line_1_20' title="bbox 172 2526 1184 2624; baseline 0.001 -27"><span class='ocrx_word' id='word_1_129' title='bbox 172 2526 354 2624; x_wconf 86' lang='lat' dir='ltr'><strong>praecipue</strong></span> <span class='ocrx_word' id='word_1_130' title='bbox 371 2543 519 2624; x_wconf 89' lang='lat' dir='ltr'><strong>propter</strong></span> <span class='ocrx_word' id='word_1_131' title='bbox 544 2527 666 2597; x_wconf 91' lang='lat' dir='ltr'><strong>omnia</strong></span> <span class='ocrx_word' id='word_1_132' title='bbox 687 2551 726 2598; x_wconf 88' lang='lat' dir='ltr'><strong>ea</strong></span> <span class='ocrx_word' id='word_1_133' title='bbox 747 2552 824 2623; x_wconf 87' lang='lat' dir='ltr'><strong>quae</strong></span> <span class='ocrx_word' id='word_1_134' title='bbox 849 2551 945 2597; x_wconf 92' lang='lat' dir='ltr'><strong>nunc</strong></span> <span class='ocrx_word' id='word_1_135' title='bbox 963 2526 1184 2618; x_wconf 88' lang='lat' dir='ltr'><strong>iudicamus,</strong></span> 
     </span>
     <span class='ocr_line' id='line_1_21' title="bbox 173 2638 1187 2738; baseline -0.001 -27"><span class='ocrx_word' id='word_1_136' title='bbox 173 2640 333 2711; x_wconf 88' lang='lat' dir='ltr'><strong>rationes</strong></span> <span class='ocrx_word' id='word_1_137' title='bbox 362 2654 581 2738; x_wconf 90' lang='lat' dir='ltr'><strong>suppetunt,</strong></span> <span class='ocrx_word' id='word_1_138' title='bbox 613 2665 678 2710; x_wconf 89' lang='lat' dir='ltr'><strong>cur</strong></span> <span class='ocrx_word' id='word_1_139' title='bbox 714 2641 927 2710; x_wconf 88' lang='lat' dir='ltr'><strong>Ciceronem</strong></span> <span class='ocrx_word' id='word_1_140' title='bbox 958 2639 993 2709; x_wconf 93' lang='lat' dir='ltr'><strong>in</strong></span> <span class='ocrx_word' id='word_1_141' title='bbox 1027 2638 1187 2736; x_wconf 83' lang='lat' dir='ltr'><strong>epistolis</strong></span> 
     </span>
     <span class='ocr_line' id='line_1_22' title="bbox 175 2751 1183 2851; baseline -0.003 -26"><span class='ocrx_word' id='word_1_142' title='bbox 175 2753 446 2825; x_wconf 86' lang='lat' dir='ltr'><strong>conscribendis</strong></span> <span class='ocrx_word' id='word_1_143' title='bbox 476 2755 624 2824; x_wconf 91' lang='lat' dir='ltr'><strong>unicum</strong></span> <span class='ocrx_word' id='word_1_144' title='bbox 653 2753 833 2851; x_wconf 88' lang='lat' dir='ltr'><strong>exemplar</strong></span> <span class='ocrx_word' id='word_1_145' title='bbox 854 2754 978 2823; x_wconf 83' lang='lat' dir='ltr'><strong>Victor</strong></span> <span class='ocrx_word' id='word_1_146' title='bbox 1002 2751 1183 2844; x_wconf 89' lang='lat' dir='ltr'><strong>babuerit,</strong></span> 
     </span>
     <span class='ocr_line' id='line_1_23' title="bbox 174 2865 1188 2964; baseline 0 -26"><span class='ocrx_word' id='word_1_147' title='bbox 174 2892 316 2964; x_wconf 90' lang='lat' dir='ltr'><strong>suoque</strong></span> <span class='ocrx_word' id='word_1_148' title='bbox 335 2866 483 2938; x_wconf 89' lang='lat' dir='ltr'><strong>alumno</strong></span> <span class='ocrx_word' id='word_1_149' title='bbox 501 2866 683 2964; x_wconf 86' lang='lat' dir='ltr'><strong>(quisquis</strong></span> <span class='ocrx_word' id='word_1_150' title='bbox 706 2866 772 2936; x_wconf 88' lang='lat' dir='ltr'><strong>suit</strong></span> <span class='ocrx_word' id='word_1_151' title='bbox 794 2865 873 2962; x_wconf 90' lang='lat' dir='ltr'><strong>ille)</strong></span> <span class='ocrx_word' id='word_1_152' title='bbox 891 2865 1128 2963; x_wconf 90' lang='lat' dir='ltr'><strong>proposuerit.</strong></span> <span class='ocrx_word' id='word_1_153' title='bbox 1150 2866 1188 2938; x_wconf 90' lang='lat' dir='ltr'><strong>Si</strong></span> 
     </span>
     <span class='ocr_line' id='line_1_24' title="bbox 174 2978 1187 3077; baseline -0.002 -26"><span class='ocrx_word' id='word_1_154' title='bbox 174 3004 254 3051; x_wconf 86' lang='lat' dir='ltr'><strong>rem</strong></span> <span class='ocrx_word' id='word_1_155' title='bbox 285 2981 381 3051; x_wconf 90' lang='lat' dir='ltr'><strong>euim</strong></span> <span class='ocrx_word' id='word_1_156' title='bbox 405 2980 593 3077; x_wconf 89' lang='lat' dir='ltr'><strong>diligenter</strong></span> <span class='ocrx_word' id='word_1_157' title='bbox 618 3005 659 3051; x_wconf 88' lang='lat' dir='ltr'><strong>ac</strong></span> <span class='ocrx_word' id='word_1_158' title='bbox 678 2979 820 3075; x_wconf 88' lang='lat' dir='ltr'><strong>penitus</strong></span> <span class='ocrx_word' id='word_1_159' title='bbox 844 2978 1055 3066; x_wconf 84' lang='lat' dir='ltr'><strong>excusseris,</strong></span> <span class='ocrx_word' id='word_1_160' title='bbox 1076 3003 1187 3076; x_wconf 90' lang='lat' dir='ltr'><strong>prop-</strong></span> 
     </span>
     <span class='ocr_line' id='line_1_25' title="bbox 176 3090 1188 3190; baseline -0.002 -26"><span class='ocrx_word' id='word_1_161' title='bbox 176 3107 274 3164; x_wconf 89' lang='lat' dir='ltr'><strong>terea</strong></span> <span class='ocrx_word' id='word_1_162' title='bbox 294 3095 475 3164; x_wconf 89' lang='lat' dir='ltr'><strong>Victorem</strong></span> <span class='ocrx_word' id='word_1_163' title='bbox 501 3093 674 3189; x_wconf 90' lang='lat' dir='ltr'><strong>intelliges</strong></span> <span class='ocrx_word' id='word_1_164' title='bbox 693 3091 780 3163; x_wconf 92' lang='lat' dir='ltr'><strong>nulli</strong></span> <span class='ocrx_word' id='word_1_165' title='bbox 805 3091 1036 3190; x_wconf 87' lang='lat' dir='ltr'><strong>epistolarum</strong></span> <span class='ocrx_word' id='word_1_166' title='bbox 1055 3090 1188 3162; x_wconf 91' lang='lat' dir='ltr'><strong>collec-</strong></span> 
     </span>
     <span class='ocr_line' id='line_1_26' title="bbox 177 3206 1188 3306; baseline -0.002 -30"><span class='ocrx_word' id='word_1_167' title='bbox 177 3207 288 3295; x_wconf 88' lang='lat' dir='ltr'><strong>tioni,</strong></span> <span class='ocrx_word' id='word_1_168' title='bbox 307 3223 389 3304; x_wconf 91' lang='lat' dir='ltr'><strong>pust</strong></span> <span class='ocrx_word' id='word_1_169' title='bbox 401 3209 582 3277; x_wconf 89' lang='lat' dir='ltr'><strong>Ciceronis</strong></span> <span class='ocrx_word' id='word_1_170' title='bbox 597 3206 764 3306; x_wconf 88' lang='lat' dir='ltr'><strong>epistolas</strong></span> <span class='ocrx_word' id='word_1_171' title='bbox 781 3221 816 3277; x_wconf 89' lang='lat' dir='ltr'><strong>et</strong></span> <span class='ocrx_word' id='word_1_172' title='bbox 834 3221 1011 3302; x_wconf 88' lang='lat' dir='ltr'><strong>tempora,</strong></span> <span class='ocrx_word' id='word_1_173' title='bbox 1030 3228 1188 3274; x_wconf 91' lang='lat' dir='ltr'><strong>comme-</strong></span> 
     </span>
     <span class='ocr_line' id='line_1_27' title="bbox 177 3315 1187 3417; baseline -0.004 -27"><span class='ocrx_word' id='word_1_174' title='bbox 177 3322 363 3392; x_wconf 86' lang='lat' dir='ltr'><strong>morandoe</strong></span> <span class='ocrx_word' id='word_1_175' title='bbox 377 3321 599 3408; x_wconf 86' lang='lat' dir='ltr'><strong>incubuisse,</strong></span> <span class='ocrx_word' id='word_1_176' title='bbox 622 3320 721 3417; x_wconf 87' lang='lat' dir='ltr'><strong>quod</strong></span> <span class='ocrx_word' id='word_1_177' title='bbox 736 3343 850 3416; x_wconf 89' lang='lat' dir='ltr'><strong>prope</strong></span> <span class='ocrx_word' id='word_1_178' title='bbox 869 3342 1008 3405; x_wconf 88' lang='lat' dir='ltr'><strong>omnes,</strong></span> <span class='ocrx_word' id='word_1_179' title='bbox 1029 3331 1068 3385; x_wconf 90' lang='lat' dir='ltr'><strong>ut</strong></span> <span class='ocrx_word' id='word_1_180' title='bbox 1084 3315 1187 3386; x_wconf 85' lang='lat' dir='ltr'><strong>Plinii</strong></span> 
     </span>
     <span class='ocr_line' id='line_1_28' title="bbox 177 3431 1186 3528; baseline -0.008 -24"><span class='ocrx_word' id='word_1_181' title='bbox 177 3433 335 3504; x_wconf 89' lang='lat' dir='ltr'><strong>Junioris</strong></span> <span class='ocrx_word' id='word_1_182' title='bbox 359 3433 467 3504; x_wconf 89' lang='lat' dir='ltr'><strong>verba</strong></span> <span class='ocrx_word' id='word_1_183' title='bbox 485 3433 654 3524; x_wconf 85' lang='lat' dir='ltr'><strong>reseram,</strong></span> <span class='ocrx_word' id='word_1_184' title='bbox 676 3431 765 3501; x_wconf 88' lang='lat' dir='ltr'><strong>nibil</strong></span> <span class='ocrx_word' id='word_1_185' title='bbox 782 3455 957 3528; x_wconf 79' lang='lat' dir='ltr'><strong>persaepe,</strong></span> <span class='ocrx_word' id='word_1_186' title='bbox 974 3442 1100 3526; x_wconf 84' lang='lat' dir='ltr'><strong>praeter</strong></span> <span class='ocrx_word' id='word_1_187' title='bbox 1118 3451 1186 3524; x_wconf 91' lang='lat' dir='ltr'><strong>pu-</strong></span> 
     </span>
     <span class='ocr_line' id='line_1_29' title="bbox 177 3539 1188 3644; baseline -0.003 -28"><span class='ocrx_word' id='word_1_188' title='bbox 177 3543 288 3625; x_wconf 85' lang='lat' dir='ltr'><strong>blicas</strong></span> <span class='ocrx_word' id='word_1_189' title='bbox 308 3547 512 3644; x_wconf 90' lang='lat' dir='ltr'><strong>principum</strong></span> <span class='ocrx_word' id='word_1_190' title='bbox 535 3561 570 3618; x_wconf 89' lang='lat' dir='ltr'><strong>et</strong></span> <span class='ocrx_word' id='word_1_191' title='bbox 587 3545 855 3640; x_wconf 79' lang='lat' dir='ltr'><strong>magistratuum</strong></span> <span class='ocrx_word' id='word_1_192' title='bbox 873 3544 1026 3629; x_wconf 89' lang='lat' dir='ltr'><strong>litteras,</strong></span> <span class='ocrx_word' id='word_1_193' title='bbox 1044 3539 1188 3624; x_wconf 87' lang='lat' dir='ltr'><strong>fuerunt</strong></span> 
     </span>
     <span class='ocr_line' id='line_1_30' title="bbox 177 3652 1188 3756; baseline -0.005 -26"><span class='ocrx_word' id='word_1_194' title='bbox 177 3660 248 3731; x_wconf 84' lang='lat' dir='ltr'><strong>nisi</strong></span> <span class='ocrx_word' id='word_1_195' title='bbox 265 3659 485 3730; x_wconf 82' lang='lat' dir='ltr'><strong>scholasticae</strong></span> <span class='ocrx_word' id='word_1_196' title='bbox 503 3675 609 3756; x_wconf 86' lang='lat' dir='ltr'><strong>atque</strong></span> <span class='ocrx_word' id='word_1_197' title='bbox 625 3655 832 3729; x_wconf 75' lang='lat' dir='ltr'><strong>umbraticae</strong></span> <span class='ocrx_word' id='word_1_198' title='bbox 850 3652 1126 3754; x_wconf 85' lang='lat' dir='ltr'><strong>quodammodo</strong></span> <span class='ocrx_word' id='word_1_199' title='bbox 1140 3653 1188 3725; x_wconf 91' lang='lat' dir='ltr'><strong>de</strong></span> 
     </span>
     <span class='ocr_line' id='line_1_31' title="bbox 178 3765 1188 3855; baseline -0.007 -13"><span class='ocrx_word' id='word_1_200' title='bbox 178 3770 365 3843; x_wconf 85' lang='lat' dir='ltr'><strong>levissimis</strong></span> <span class='ocrx_word' id='word_1_201' title='bbox 382 3773 489 3844; x_wconf 90' lang='lat' dir='ltr'><strong>rebus</strong></span> <span class='ocrx_word' id='word_1_202' title='bbox 505 3787 566 3844; x_wconf 89' lang='lat' dir='ltr'><strong>aut</strong></span> <span class='ocrx_word' id='word_1_203' title='bbox 596 3797 614 3843; x_wconf 87' lang='lat' dir='ltr'><strong>a</strong></span> <span class='ocrx_word' id='word_1_204' title='bbox 642 3771 827 3842; x_wconf 92' lang='lat' dir='ltr'><strong>communi</strong></span> <span class='ocrx_word' id='word_1_205' title='bbox 853 3793 918 3841; x_wconf 93' lang='lat' dir='ltr'><strong>usu</strong></span> <span class='ocrx_word' id='word_1_206' title='bbox 946 3768 1109 3855; x_wconf 91' lang='lat' dir='ltr'><strong>remotis,</strong></span> <span class='ocrx_word' id='word_1_207' title='bbox 1130 3765 1188 3836; x_wconf 89' lang='lat' dir='ltr'><strong>vel</strong></span> 
     </span>
     <span class='ocr_line' id='line_1_32' title="bbox 178 3879 1188 3976; baseline -0.006 -22"><span class='ocrx_word' id='word_1_208' title='bbox 178 3885 459 3957; x_wconf 86' lang='lat' dir='ltr'><strong>tractatiunculae</strong></span> <span class='ocrx_word' id='word_1_209' title='bbox 488 3885 791 3957; x_wconf 83' lang='lat' dir='ltr'><strong>convenustandae</strong></span> <span class='ocrx_word' id='word_1_210' title='bbox 826 3882 1037 3955; x_wconf 88' lang='lat' dir='ltr'><strong>elocutionis</strong></span> <span class='ocrx_word' id='word_1_211' title='bbox 1077 3879 1188 3976; x_wconf 85' lang='lat' dir='ltr'><strong>gratia</strong></span> 
     </span>
    </p>
   </div>
   <div class='ocr_carea' id='block_1_3' title="bbox 221 4115 643 4196">
    <p class='ocr_par' dir='ltr' id='par_1_3' title="bbox 221 4115 643 4196">
     <span class='ocr_line' id='line_1_33' title="bbox 221 4115 643 4196; baseline 0.009 -23"><span class='ocrx_word' id='word_1_212' title='bbox 221 4117 252 4176; x_wconf 83' lang='lat' dir='ltr'><strong>l.</strong></span> <span class='ocrx_word' id='word_1_213' title='bbox 272 4117 305 4176; x_wconf 83' lang='lat' dir='ltr'><strong>G.</strong></span> <span class='ocrx_word' id='word_1_214' title='bbox 324 4116 399 4179; x_wconf 88' lang='lat' dir='ltr'><strong>Plin.</strong></span> <span class='ocrx_word' id='word_1_215' title='bbox 413 4117 508 4193; x_wconf 82' lang='lat' dir='ltr'><strong>Epist.</strong></span> <span class='ocrx_word' id='word_1_216' title='bbox 525 4115 643 4196; x_wconf 85' lang='lat' dir='ltr'><strong>passim.</strong></span> 
     </span>
    </p>
   </div>
   <div class='ocr_carea' id='block_1_4' title="bbox 0 0 1453 5058">
    <p class='ocr_par' dir='ltr' id='par_1_4' title="bbox 0 0 1453 5058">
     <span class='ocr_line' id='line_1_34' title="bbox 0 0 1453 5058; baseline 0 0"><span class='ocrx_word' id='word_1_217' title='bbox 0 0 1453 5058; x_wconf 95' lang='lat' dir='ltr'><strong> </strong></span> 
     </span>
    </p>
   </div>
  </div>
 </body>
</html>
