2866 5056
663 339 860 416 ..4ss-

300 499 380 570 'Nos
404 517 492 568 vero
519 493 564 566 ad
595 493 806 592 opinionem
831 502 994 563 nostram
1013 490 1166 582 reversi,
1194 513 1266 590 qua

257 605 655 683 Victoremeveteribus
663 603 895 679 solummodo
902 603 1264 702 scriptoribusexem·

257 721 318 822 pla
344 721 505 822 prolerre
538 719 714 810 diximus,
738 741 853 817 pauca
882 715 951 790 illis
980 715 1265 817 respondeamus

257 859 401 908 necesse
418 849 483 925 est,
499 834 561 934 qui
579 832 785 907 lortenobis
795 830 977 904 rhetorem
992 847 1158 905 nostrum
1172 831 1267 930 obJ‘i·

257 963 393 1038 cerent,
413 971 488 1020 non
504 947 618 1020 modo
633 947 850 1020 recentiores
870 945 1091 1034 Quintiliano
1120 944 1266 1019 dicendi

256 1061 444 1160 magistros
470 1086 546 1134 esse
569 1075 734 1133 auctores
761 1072 941 1151 secutum,
967 1057 1030 1130 sed
1055 1057 1163 1130 etiam
1188 1059 1264 1161 plo·

256 1199 410 1275 rumque
427 1177 552 1248 inanes
569 1175 653 1246 istas
670 1171 973 1246 declamationum
988 1171 1155 1244 materias
1173 1185 1210 1243 et
1227 1171 1264 1244 in

257 1290 388 1363 scholis
404 1291 644 1388 frequentatas
662 1287 771 1361 veluti
791 1285 975 1377 formum,
995 1286 1161 1385 inprime
1177 1309 1264 1384 prm-

257 1404 380 1476 sertim
397 1404 516 1503 operis
529 1416 644 1501 parte,
667 1424 870 1501 usurpasse.
890 1397 996 1471 Aliud
1009 1413 1062 1472 est
1078 1397 1260 1496 prolecto,

256 1515 456 1589 secundum
482 1517 651 1588 usitatum
677 1513 830 1611 antiquis
856 1510 1024 1583 omnibus
1052 1511 1264 1609 eloquentiae

256 1627 534 1728 praeceptoribus
553 1652 694 1700 morem
715 1641 751 1698 et
773 1647 864 1724 saepe
885 1624 993 1696 etiam
1016 1648 1037 1696 a
1061 1621 1263 1696 recentibus

255 1756 436 1840 receptam
444 1740 755 1832 consuetudinem,
764 1738 847 1809 trita
855 1751 890 1808 et
899 1736 1040 1832 vulgata
1049 1735 1122 1808 sive
1132 1736 1263 1808 oratio·

256 1877 357 1943 num,
375 1856 448 1926 sive
461 1853 763 1926 declamationum
772 1850 865 1941 loca,
878 1847 1124 1947 exemplorum
1137 1849 1259 1943 gratia

255 1966 399 2056 referre,
418 1983 453 2040 et
466 1968 581 2040 varias
594 1967 651 2038 vel
663 1989 843 2039 novorum
857 1962 1043 2035 rhetorum
1057 1961 1258 2060 opiniones,

255 2080 285 2152 si
299 2081 411 2153 modo
436 2096 538 2154 rectae
555 2080 639 2172 sint,
665 2077 734 2151 sibi
756 2075 1051 2167 accommodare3
1071 2073 1168 2147 aliud
1180 2098 1261 2148 auc-

255 2191 395 2263 toritate
405 2216 469 2262 sua
485 2205 520 2262 et
536 2191 684 2288 proprio
702 2187 862 2286 quodam
876 2185 995 2258 studio
1007 2183 1258 2285 comprobare,

255 2304 336 2375 etin
346 2299 960 2401 confusumexemplorumordinem
970 2322 1262 2397 congererequae·

254 2438 410 2511 cumque
427 2431 488 2487 aut
504 2416 644 2513 optimi,
664 2429 726 2487 aut
739 2415 883 2514 pessimi
896 2413 1060 2484 omnium
1071 2412 1261 2512 scriptores

253 2528 405 2624 posteris
427 2526 601 2600 imitanda
617 2527 838 2625 reliquerint.
858 2529 980 2613 Quum
996 2526 1093 2598 enim
1117 2525 1262 2599 dicendi

254 2642 500 2738 magister,vel
508 2641 660 2714 aliorum
668 2642 854 2713 rhetorum
862 2625 920 2712 vel
929 2641 1037 2712 etiam
1046 2639 1261 2714 declamato-

253 2779 348 2848 rum,
363 2756 467 2828 sicuti
479 2757 614 2846 Victor,
624 2771 659 2828 et
669 2755 764 2852 leges
781 2769 816 2836 et
832 2768 971 2826 vetusto
988 2778 1056 2825 usu
1073 2753 1172 2826 tritas
1187 2779 1261 2827 ma·

253 2869 359 2940 terias
376 2870 560 2968 proponit,
571 2867 607 2942 id
619 2869 736 2940 solum
751 2870 788 2939 in
806 2867 928 2939 animo
940 2866 1261 2960 habet,utnudaet

253 2979 382 3052 humili
406 2980 561 3052 docendi
586 2980 803 3052 rhetoricam
825 2996 937 3053 artem
956 2981 1095 3053 ratione
1109 2993 1260 3053 conten·

254 3104 328 3185 tus,
356 3090 543 3163 rhetorum
563 3093 725 3164 omnium
747 3093 1001 3165 communibus
1016 3091 1171 3189 vestigiis
1188 3091 1259 3164 eal·

253 3219 371 3276 eatam
392 3205 488 3276 viam
508 3205 742 3300 ingrediatur,
769 3229 882 3301 quum
906 3218 1028 3277 autem
1044 3230 1063 3276 e
1080 3204 1260 3303 scriptori·

253 3315 321 3388 bus
338 3319 475 3389 cunctis
495 3319 697 3416 promiscue
715 3319 973 3392 sententiarum
989 3316 1047 3392 vel
1062 3317 1259 3390 levissimos

254 3453 296 3500 ac
315 3431 467 3503 maxime
486 3430 641 3503 caducos
657 3430 1157 3552 flosculosptcmerariamanu
1172 3453 1258 3503 cum

253 3540 509 3614 immortalium
524 3567 676 3641 operum
691 3543 910 3644 incorruptis
924 3541 1258 3644 exemplisconltm·

256 3651 326 3744 dit,
347 3667 433 3724 tuno
449 3678 553 3746 sane,
566 3655 667 3726 nullo
683 3655 888 3729 discrimine
900 3658 993 3730 inter
1004 3657 1161 3731 diversas
1172 3678 1257 3728 auc·

255 3779 374 3838 torum
395 3764 538 3838 dicendi
559 3768 708 3840 virtutes
724 3768 851 3843 habito
862 3821 872 3859 ,
892 3771 930 3843 id
948 3769 1098 3872 periculi
1116 3768 1192 3842 adit
1210 3793 1257 3842 ne

253 3878 328 3976 ipse
347 3877 448 3974 pravi
461 3879 587 3974 judicii
603 3879 805 3956 damnetur.
825 3886 907 3970 Quo
924 3883 1092 3981 quidem,
1110 3883 1140 3954 si
1157 3878 1257 3954 nulla

253 3990 388 4087 alioqui
404 3991 532 4086 insigni
549 3993 679 4066 virtute
695 3996 948 4089 eminet,uitio
967 3997 1118 4070 cumino
1134 3995 1257 4068 Victor

253 4103 423 4190 immunis
440 4119 505 4177 est.
521 4108 641 4193 Quare
654 4107 963 4204 quemadmodum
982 4109 1112 4184 Fabius
1133 4123 1254 4182 orato-
