2866 5056
549 371 744 443 -ttffi

146 527 186 598 ul
202 514 308 596 obvia
323 544 333 587 r
350 531 387 594 et
401 516 677 616 proverbiorum
692 518 945 616 tempestivitas
960 518 1079 622 lepidst
1093 533 1147 597 est

143 633 350 712 Graecorum
363 646 475 730 ,atque
503 646 731 723 nostrornm,
760 646 795 714 et
826 657 949 711 versus
983 647 1146 730 partesve

143 767 291 852 corutu5
312 745 577 824 exoratoribus
598 746 717 850 eliisve
737 746 875 843 seriptis
895 747 1096 838 scalentin,
1115 748 1147 825 si

87 865 91 872 ’
143 854 227 933 loeo
258 857 502 954 moverentur,
530 877 732 940 sermonem
761 874 1049 938 centenorum·
1065 860 1149 946 viu

142 969 290 1050 uenite
319 992 594 1068 scurrarumqee
618 970 902 1060 emulationem
932 993 1025 1056 uum,
1045 973 1148 1056 mttlti

146 1079 235 1166 (illm
247 1083 585 1176 seiecetosvolunt,
596 1106 675 1161 non
684 1083 793 1164 modo
811 1082 937 1170 verba,
950 1083 1013 1156 sed
1030 1099 1147 1180 gestus

140 1219 290 1292 quoque
307 1221 347 1274 nc
358 1196 744 1302 voeabulnsourrarum
762 1199 976 1294 exprimunt.
992 1202 1044 1270 Itu
1057 1197 1147 1270 aoei-

141 1305 197 1380 dit
210 1309 654 1405 utnecquodcssedcheut
667 1310 1143 1408 siutmecqucdimiunrur.

144 1423 218 1492 Nee
244 1443 448 1500 sermonem
477 1425 581 1520 quusi
609 1423 809 1500 motionem
837 1421 1144 1520 pronuntiaveris,

142 1557 209 1610 nec
231 1559 459 1633 prepropere
488 1534 667 1630 loquaris,
696 1560 743 1613 ue
779 1534 808 1614 si
850 1534 968 1634 possis
998 1534 1146 1632 quidem

142 1645 255 1723 verba
284 1648 360 1724 siue
391 1648 589 1723 hesitantia
616 1649 744 1744 lingone
772 1647 932 1725 celeriter
964 1647 1143 1723 evolvere.

141 1760 256 1833 teuto
278 1762 374 1835 enim
395 1761 534 1858 turpius
554 1759 583 1835 si
600 1760 761 1840 offendor
778 1760 906 1857 supine
921 1759 1024 1856 qunti
1050 1759 1147 1832 sate-

142 1869 252 1945 hsosu
274 1873 509 1947 resonatione.
530 1877 652 1970 Neque
672 1887 792 1949 murco
816 1871 1024 1968 protrahere
1040 1895 1147 1944 voces

142 1984 355 2069 oscitantem
377 1985 498 2074 decet,
521 2010 589 2059 nec
611 1983 803 2059 intervallis
825 1983 996 2056 dividere.
1026 1988 1148 2058 Bonus

107 2125 109 2128 ·
142 2097 275 2186 modus
290 2113 349 2172 est
366 2099 407 2171 iu
426 2097 610 2196 loquendo
636 2113 808 2194 tauquam
829 2095 1050 2171 ambulando
1067 2095 1147 2170 cle-

142 2223 283 2286 metrter
299 2212 370 2304 ire,
391 2213 467 2284 siue
486 2207 683 2299 curriculo,
707 2211 783 2285 siue
801 2209 1041 2285 cunctatione.
1059 2209 1148 2284 Cla-

142 2347 242 2404 more
264 2324 304 2396 in
326 2324 510 2422 loquendo
534 2325 705 2403 rusticum
722 2349 763 2399 eo
782 2322 979 2408 herbarum
1000 2336 1071 2416 este
1105 2321 1147 2399 fit
1192 2310 1197 2326 ⁶

142 2436 241 2511 euim
257 2434 303 2508 de
320 2463 488 2513 sermone
502 2439 717 2518 convicium.
736 2443 814 2513 lem
831 2439 861 2512 si
876 2439 917 2521 in
929 2436 1075 2536 publico
1085 2451 1147 2513 aut

141 2549 180 2624 in
196 2550 362 2624 convivio
380 2550 533 2642 clames,
552 2575 627 2624 nou
645 2553 790 2647 agrestis
812 2550 945 2641 ruodo,
964 2551 1029 2624 sed
1045 2552 1147 2632 insa-

141 2684 212 2731 nus
232 2659 413 2752 habearis;
435 2685 557 2734 rursus
581 2663 610 2732 si
633 2662 680 2734 ita
706 2661 858 2733 demisse
882 2659 1069 2750 munieris,
1087 2660 1145 2732 vis

141 2787 185 2847 ut
207 2774 391 2871 prosimus
410 2773 547 2864 audiat,
567 2773 726 2847 hominis
744 2774 896 2858 nimium
920 2773 1062 2846 delicati
1077 2787 1143 2844 est.

140 2889 186 2958 Et
207 2887 331 2958 audire
349 2888 648 2967 sermocinantem
671 2885 817 2958 rationis
836 2899 907 2978 est,
928 2887 1089 2983 primum
1107 2899 1149 2956 ut

140 3013 276 3080 attente
287 2999 424 3091 audies,
435 3025 493 3091 ne,
505 2999 592 3077 dnm
602 3023 659 3072 res
667 2999 753 3077 alias
766 3022 862 3097 agae,
872 3021 985 3096 quum
999 3021 1148 3096 respon·

139 3115 240 3190 sotio
254 3139 351 3212 opus.
361 3115 405 3192 ut
416 3167 427 3204 ‚
438 3114 536 3186 eliud
554 3113 862 3212 respoudeasmnt
871 3113 1015 3209 ignarus
1028 3105 1147 3206 rogari

140 3227 231 3326 quid
248 3227 423 3318 videatur,
439 3228 661 3303 consileseas.
678 3228 820 3308 Deinde
842 3242 881 3300 ut
899 3229 997 3301 sinas
1010 3245 1148 3324 propo—

140 3343 251 3417 situm
263 3341 448 3440 explicari,
460 3355 566 3437 utque
584 3342 623 3412 in
640 3341 722 3412 loco
739 3361 922 3428 moseres,
935 3363 981 3414 tte
998 3339 1072 3410 duo
1086 3354 1150 3412 aut

141 3453 280 3554 plures,
299 3453 400 3529 chori
423 3468 483 3527 nul
505 3468 654 3529 entervae
677 3452 809 3546 motio,
834 3451 1079 3550 constrepatis.
1103 3454 1148 3536 Et

141 3565 334 3638 hominum
351 3583 386 3638 et
403 3567 565 3640 locorum
587 3580 622 3637 et
642 3579 848 3664 temporum
866 3565 955 3636 ratio
973 3561 1148 3636 servanda

142 3693 208 3759 est.
220 3678 316 3752 ttius
326 3703 409 3759 cum
421 3678 623 3776 superiore,
637 3677 726 3752 alius
735 3702 818 3753 oum
828 3677 974 3784 parieut
982 3676 1147 3774 proximo

141 3816 263 3863 sermo
283 3807 360 3882 est;
381 3793 467 3863 item
490 3813 573 3864 cum
594 3791 809 3882 senioribus,
831 3816 914 3864 otuu
937 3788 1145 3887 aequaiibus,

142 3925 228 3976 eum
239 3905 359 4003 pueris
371 3919 431 3976 aut
445 3902 672 3976 mulierculis.
684 3903 780 3992 Quid
791 3905 806 3975 Ρ
816 3905 854 3977 in
866 3905 1033 3976 convivio
1042 3917 1147 4001 putas

143 4011 315 4090 eumdem
346 4015 475 4088 debere
512 4044 586 4090 esse
616 4043 723 4118 quem
753 4017 791 4089 in
821 4017 901 4089 soro
933 4033 994 4092 aut
1026 4016 1146 4114 aliquo

144 4141 240 4200 coetu
262 4127 521 4220 litteratorum?
539 4129 635 4220 Quid
659 4127 759 4228 quod
779 4155 845 4228 ego
871 4129 945 4203 scio
969 4127 1148 4227 quosdam
