2866 5056
701 407 897 476 ...γοα

294 553 427 629 ton'cas
454 552 640 652 praesuas-
654 554 776 626 missas
809 552 954 645 seceris,
986 577 1064 651 quae
1092 568 1131 625 ut
1156 553 1292 628 addunt

294 665 447 737 orationi
468 661 471 670 ’
491 661 758 756 anctoritatem,
807 668 857 740 sic
900 663 1092 738 detrahunt
1137 670 1292 739 sermoni

259 813 269 848 t
294 775 417 847 fidem.
439 779 598 849 Attamen
620 773 767 850 babebit
784 778 1037 868 sermolucem
1052 779 1167 867 suam,
1189 793 1228 852 ut
1251 779 1293 850 sit
1413 763 1414 800 ³

293 887 441 988 simplex
471 903 506 961 et
534 889 698 989 aqualis,
741 906 776 964 et
804 891 885 963 ante
914 890 1035 962 omnia
1066 914 1190 963 carens
1224 890 1292 963 'ob·
1413 899 1414 908 ’

291 1000 470 1072 scuritate.
488 999 703 1074 Sermonum
719 1016 949 1098 argumenta,
968 1020 1046 1099 quae
1062 1025 1203 1098 semper
1219 1025 1292 1074 esse

291 1111 350 1186 vix
383 1111 473 1185 seria
501 1128 669 1212 possunt,
704 1113 914 1212 plerumque
946 1137 984 1184 se
1013 1112 1104 1209 jocis
1134 1114 1294 1186 inseren-
1413 1149 1414 1158 ¹

291 1223 406 1318 tibus,
428 1241 549 1298 tamen
567 1251 708 1325 semper
731 1225 882 1300 honesta
907 1227 990 1298 sint.
1017 1231 1059 1298 At
1080 1250 1154 1298 non
1176 1226 1293 1326 inepte

291 1361 410 1436 neque
423 1338 594 1434 jurgiosa.
613 1345 702 1412 Nam
718 1339 851 1411 multos
863 1364 967 1434 nugae
980 1340 1124 1437 ¹rapiunt
1134 1340 1180 1411 ad
1193 1341 1293 1412 soedi·

291 1465 422 1540 tatem,
451 1475 518 1524 nee
540 1475 614 1525 non
640 1453 888 1526 contentiones
911 1451 957 1522 ad
977 1451 1147 1523 furorem.
1173 1456 1293 1539 Quum

292 1565 460 1635 tamenin
476 1567 575 1636 omni
588 1581 687 1664 parte
697 1567 793 1656 vitre,
810 1581 889 1637 tum
900 1567 937 1636 in
954 1563 1181 1638 sermonibus
1194 1569 1294 1664 quies

292 1675 429 1773 optima
455 1692 519 1748 est.
548 1683 635 1750 Fere
661 1675 777 1750 'sermo
804 1679 975 1775 cujusque
1001 1702 1119 1750 mores
1146 1678 1291 1777 probat.

291 1791 384 1861 Cave
413 1815 458 1862 ne
486 1815 598 1888 quem
624 1815 789 1864 sermone
822 1789 947 1883 tedas,
976 1791 1031 1862 vel
1059 1795 1205 1888 aperto,
1236 1793 1295 1864 vel

290 1899 451 1996 inverso,
469 1905 526 1976 vel
538 1905 741 1997 absentem,
762 1904 819 1978 vel
836 1929 971 1976 coram.
991 1906 1143 2000 Agrestis
1160 1907 1293 2001 ingenii

292 1999 421 2090 estant
438 2021 617 2091 neminem
638 2019 836 2120 appellare,
861 2033 921 2091 aut
937 2017 982 2089 de
999 2017 1162 2116 pluribus
1179 2043 1293 2090 unum

287 2128 486 2204 alterumve
520 2132 669 2229 eligere,
702 2133 849 2229 quicum
882 2129 1052 2203 sabulone.
1087 2131 1292 2228 Superiores

286 2243 481 2317 observare
507 2259 668 2344 oportet,
694 2261 733 2316 ut
757 2245 908 2316 invitent
935 2242 1080 2314 clientes
1104 2242 1150 2313 ad
1175 2242 1293 2316 collo-

285 2357 496 2454 quendum,
509 2383 594 2428 nam
606 2357 752 2428 inferior
761 2357 954 2428 modestius
968 2356 1105 2444 lecerit,
1116 2357 1145 2425 si
1155 2381 1293 2454 exspec-

287 2481 341 2539 tet
358 2467 444 2539 dum
464 2469 665 2556 lacessatur,
686 2470 752 2541 nisi
768 2469 854 2568 quid
872 2470 924 2540 rei
943 2495 1013 2540 suae
1030 2469 1199 2540 evenerit.
1216 2472 1293 2542 Ser·

288 2607 442 2656 monum
464 2599 582 2658 autem
606 2585 812 2656 occasiones
833 2598 917 2656 sunt
941 2597 975 2655 et
995 2582 1182 2654 sciscitatio
1204 2583 1292 2678 quid

287 2710 397 2792 agant
406 2699 580 2795 rogantis,
593 2713 628 2772 et
636 2697 931 2771 commemoratio
946 2695 1036 2796 quid
1052 2695 1115 2767 tibi
1125 2695 1293 2767 autalteri
1412 2757 1413 2764 ,

291 2812 466 2905 evenerit,
488 2827 549 2885 aut
564 2810 652 2911 quid
671 2836 774 2883 novae
790 2811 842 2884 rei
865 2810 1035 2896 audieris,
1051 2833 1160 2906 quam
1174 2822 1291 2881 tamen

290 2948 436 2999 narrare
469 2952 544 2998 non
576 2928 621 3000 sit
654 2925 850 3022 religionis,
885 2939 919 2996 et
948 2923 1148 2994 admonitio
1180 2948 1225 2993 ex
1255 2947 1292 2993 re

291 3050 374 3106 nata
407 3036 563 3109 fortuita.
593 3043 672 3108 Jam
701 3035 765 3108 ubi
795 3051 927 3108 statum
965 3051 1017 3108 est
1048 3035 1206 3127 initium,
1240 3060 1291 3107 res

290 3149 366 3248 ipsa
388 3149 564 3248 perducit.
584 3150 745 3222 Nascitur
766 3150 863 3221 enim
889 3174 932 3220 ex
956 3148 1189 3248 responsione
1212 3173 1291 3220 res-

291 3263 436 3362 ponsio,
466 3267 505 3334 ln
530 3289 603 3361 quo
627 3262 828 3336 cavendum
853 3278 973 3334 estne
1000 3263 1085 3332 hinc
1110 3261 1188 3352 illo,
1220 3287 1291 3361 quo

291 3379 408 3468 aiunt,
436 3377 642 3467 transultes,
667 3376 809 3448 aliudve
828 3375 934 3474 quid,
959 3401 1067 3474 quam
1093 3400 1163 3472 qua
1186 3375 1232 3447 de
1255 3401 1292 3448 re

287 3495 419 3588 agitur,
447 3493 645 3566 interseras.
671 3495 792 3588 Neque
813 3516 922 3589 porro
944 3488 1156 3586 obloquare,
1176 3514 1292 3585 neque
1410 3489 1411 3530 ³

287 3607 387 3678 solus
412 3608 511 3705 loqui
531 3606 705 3705 postules,
729 3629 847 3700 neque
872 3617 1124 3701 properantem
1152 3627 1291 3674 morere

287 3733 398 3816 atque
416 3721 500 3792 odio
518 3719 713 3792 obtundas.
732 3717 873 3816 Ubique
888 3715 1042 3788 brevitas
1064 3717 1205 3788 bonum
1225 3729 1288 3809 est,
1409 3795 1410 3820 ᾖ

291 3832 355 3906 sed
366 3833 403 3903 in
421 3857 584 3906 sermone
602 3832 833 3932 praecipuum.
853 3829 1002 3904 Alterius
1017 3829 1113 3902 enim
1130 3843 1290 3928 tempore
1409 3821 1410 3824 ¹

290 3972 366 4022 non
383 3945 482 4020 abuti
494 3947 609 4020 decet.
626 3946 776 4018 Multum
789 3945 834 4020 ad
847 3944 1022 4017 sermonis
1039 3943 1187 4039 gratiam
1199 3941 1292 4014 valet
1407 4014 1408 4022 χ

288 4067 451 4134 veterum
473 4057 718 4159 exemplorum
750 4058 942 4148 memoria,
967 4081 1087 4129 rerum
1114 4078 1292 4126 novarum
1406 4063 1407 4066 ’

290 4175 456 4268 seientia,
472 4174 500 4245 si
519 4172 578 4245 illa
599 4171 867 4263 accommodes,
887 4195 961 4243 non
985 4186 1025 4243 ut
1047 4167 1208 4269 quaesita,
1228 4165 1291 4240 sed
1405 4188 1406 4204 *
