2866 5056
550 347 748 428 ..49-

147 495 333 592 Aristotele
346 497 424 598 ipso
435 497 690 592 transferentis,
701 525 743 573 ea
750 499 876 598 jejuno
891 527 1012 578 rerum
1024 507 1155 586 ordine

146 609 186 682 in
200 614 323 683 Artem
338 636 438 684 suam
452 609 497 682 de
516 611 697 684 rhetorica
709 614 943 715 transcripsit.

197 723 336 796 Eodem
350 725 487 817 Victor,
502 748 578 820 quo
589 725 705 796 Latini
720 726 881 825 plerique
894 731 950 802 sui
963 733 1028 804 aevi
1043 737 1154 835 scrip·

147 849 257 926 tores,
276 836 363 907 vitio
381 833 533 906 laborat.
553 835 693 908 Scilicet
715 840 919 912 Graecarum
936 843 1148 940 litterarum,

145 949 176 1020 si
199 972 275 1020 non
292 947 491 1039 inscientia,
510 946 723 1045 negligentia
747 949 872 1023 saltem
894 954 932 1024 in
959 955 1034 1029 dies
1056 985 1150 1034 cres·

146 1087 245 1153 cens,
261 1077 343 1160 post
352 1063 564 1150 Quintiliani
575 1079 753 1162 tempora,
769 1065 867 1162 apud
881 1068 1151 1167 eosdeprehen·

146 1175 257 1248 ditur.
277 1180 360 1263 Quo
380 1174 521 1270 longius
540 1178 691 1247 Romani
711 1202 733 1250 a
750 1179 931 1252 Ciceronis
949 1195 985 1252 et
1009 1187 1153 1280 Augusti

146 1304 248 1362 aetate
267 1286 516 1379 discesserunt,
535 1312 608 1386 qua
623 1290 737 1361 Graeci
761 1293 938 1362 sermonis
957 1317 1043 1366 usus
1060 1297 1151 1370 adeo

147 1404 316 1502 frequens
326 1417 413 1494 erat,
428 1417 468 1473 ut
479 1427 564 1475 eum
579 1403 687 1501 vulgo
706 1407 828 1476 Romae
844 1407 1026 1506 principes
1043 1433 1152 1483 usur-

147 1531 289 1617 parent,
308 1538 352 1587 eo
370 1516 503 1588 minori
518 1515 660 1590 honore
677 1532 713 1588 et
731 1518 992 1592 consuetudine
1009 1522 1148 1615 floruit3

146 1629 266 1702 donec
276 1630 678 1729 Romanumimperium
687 1631 724 1701 in
734 1628 823 1702 duas
830 1647 962 1730 partes,
975 1635 1153 1726 Occiden7

148 1744 193 1816 tis
202 1768 332 1843 nempe
346 1758 383 1814 et
391 1743 564 1833 Orientis,
577 1743 765 1816 discissum
780 1759 844 1816 est.
856 1749 940 1832 Quo
958 1770 978 1818 e
995 1746 1151 1824 discidio

148 1859 360 1950 factumest,
380 1873 419 1930 ut
436 1859 528 1929 inter
545 1860 756 1930 Latinorum
772 1855 1053 1957 Graecorumque
1074 1879 1151 1937 tum

146 1971 320 2070 linguam,
335 1987 412 2043 tum
428 1972 570 2070 ingenia
587 1987 622 2043 et
636 1995 769 2064 mores,
784 1973 897 2068 magis
909 1997 952 2044 ac
964 1977 1076 2070 magis
1093 1977 1153 2048 in-

145 2083 255 2181 signis
273 2083 456 2156 diversitas
475 2085 671 2156 interesset.
692 2087 773 2154 Non
793 2083 883 2154 mihi
901 2084 938 2153 in
957 2086 1080 2157 animo
1099 2103 1155 2161 est

145 2211 187 2268 ut
202 2197 420 2310 aproposita
432 2196 478 2267 de
490 2197 645 2268 Victoris
660 2193 753 2266 libro
770 2195 1011 2294 disputatione
1028 2197 1153 2295 degre-

146 2310 238 2402 diar,
260 2325 301 2381 ut
315 2312 353 2381 in
370 2311 576 2381 universum
595 2307 809 2408 multiplices
831 2333 1010 2407 exponam
1028 2335 1153 2384 causas

146 2445 225 2514 cur,
245 2423 282 2492 in
300 2421 458 2494 occiduis
476 2422 629 2494 Romani
644 2420 784 2519 imperii
800 2421 1014 2518 provinciis,
1033 2423 1152 2496 minus

145 2535 337 2631 minusque
352 2534 390 2604 in
404 2531 480 2604 dies
492 2537 701 2605 Graecorum
718 2534 933 2629 scriptorum
947 2535 1072 2606 notitia
1086 2535 1153 2608 fre·

146 2657 318 2742 quentata
338 2643 402 2732 sit3
421 2666 631 2740 quanquam
647 2641 826 2712 Historiae¹
846 2640 943 2739 apud
957 2641 1078 2714 Gallos
1093 2643 1152 2716 lit·

97 2837 99 2842 ,
145 2770 306 2828 terarum
340 2769 504 2828 auctores
535 2755 649 2826 Graeci
681 2755 858 2826 sermonis
892 2756 1150 2850 cognitionem,

145 2868 257 2966 longo
275 2869 382 2940 etiarn
401 2882 528 2966 postrv
545 2865 714 2944 sacculum
731 2867 1152 2963 tempore,noninusita·

145 2981 512 3055 tamsuisseinGalliis
524 3007 607 3054 vere
618 2980 885 3053 affirmaverint.
898 2978 969 3050 Sed
978 2981 1154 3076 quoniam

146 3094 276 3197 collata
293 3094 442 3166 adoctis
457 3095 638 3168 Benedicti
654 3093 854 3184 monachis,
874 3092 920 3163 de
936 3095 1067 3165 Graecae
1084 3094 1153 3166 lin-

146 3231 225 3306 guae
235 3207 272 3278 in
282 3221 402 3279 vetere
415 3205 528 3278 Gallia
542 3207 840 3305 frequentatione,
858 3204 1064 3277 testimonia
1077 3230 1152 3276 non

145 3320 343 3420 prohibent
353 3319 547 3417 quominus
556 3319 592 3390 id
602 3322 798 3417 generatim
809 3317 1008 3416 colligatur,
1020 3318 1155 3391 scilicet

146 3432 246 3534 apud
262 3433 432 3533 profanos
460 3457 587 3505 omnes
611 3457 649 3505 1v
678 3433 795 3504 saeouli
827 3448 863 3504 et
894 3434 1002 3504 etiam
1034 3456 1154 3504 sacros

147 3548 362 3645 scriptores,
377 3545 439 3643 qui
453 3545 577 3616 Latina
592 3544 716 3642 lingua
731 3545 787 3618 usi
804 3559 902 3638 sunt,
918 3547 1037 3616 minus
1049 3543 1154 3614 lami·

146 3660 271 3733 liarem
295 3663 500 3731 Graecarum
525 3659 722 3756 litterarum
747 3660 937 3730 notionem
959 3681 1152 3756 apparere,

147 3797 258 3871 quam
269 3773 484 3844 inllomanis
495 3773 742 3872 scriptoribus,
760 3774 823 3872 qui
840 3772 926 3844 inde
941 3770 1156 3844 aCiceronis

147 3910 225 3958 aevo
242 3911 355 3984 usque
372 3886 419 3958 ad
430 3885 640 3974 Quintiliani
657 3901 798 3960 aetatem
817 3910 929 3986 opera
945 3884 1153 3972 ediderunt,

149 3998 241 4070 mihi
257 4023 279 4072 a
293 3997 448 4097 generali
462 4000 529 4072 ista
544 3999 803 4099 disceptatione
817 3999 863 4074 ad
878 3999 1061 4072 Victorem
1078 3995 1162 4100 des7

188 4159 223 4218 l.
244 4159 328 4224 Tem.
347 4153 379 4234 1',
399 4167 475 4240 pert,
491 4159 526 4231 2,
539 4159 663 4221 Prnoem.

1021 4260 1041 4331 l
