2880 5058
547 391 769 465 -llssr-

141 545 249 624 turis
254 555 374 617 tentus
396 555 449 614 est
469 564 573 616 amor
582 543 689 641 ,pari
711 545 862 618 studio
851 569 889 622 ro
914 549 1022 632 verba
1044 555 1162 652 prisea

154 659 361 750 τεάοαηιυε,
382 656 513 758 quibus
534 657 610 730 salii
635 675 787 752 canunt,
815 677 858 734 et
875 679 1028 762 augures
1049 689 1160 744 avem

153 773 368 863 consulunt,
380 786 416 844 et
432 761 775 846 decemviritabulas
791 776 1046 864 condiderunt.
1056 787 1160 866 Jem-

149 887 295 960 dudum
306 886 362 958 his
374 887 618 960 renuntiatum
631 901 702 977 est,
715 902 750 960 et
762 892 939 966 successio
954 907 1161 994 temporum

150 1001 282 1102 placita
298 1001 419 1100 priora
432 1001 594 1072 mutavit.
609 1005 660 1072 An
673 943 703 1072 si
719 1000 826 1076 nobis
842 1004 1034 1078 scribenda
1045 1011 1091 1081 sit
1107 1011 1160 1101 fp-
1249 1024 1253 1035 '

150 1115 266 1188 rensis
278 1115 414 1204 oratio,
434 1117 561 1186 lovem
577 1117 745 1213 Deosque
766 1133 905 1190 ceteros
922 1123 1065 1204 Catonis
1081 1123 1159 1223 lege

148 1228 449 1328 praesabimurl...
478 1228 583 1328 Atqui
609 1244 754 1327 praestat
777 1230 931 1304 Tullium
954 1236 1077 1332 sequi,
1097 1241 1160 1336 qui

150 1343 314 1440 ignorata
334 1341 531 1438 majoribus
557 1357 706 1440 usurpat
724 1343 885 1416 exordia.
909 1374 927 1413 n
947 1347 1039 1422 Alias
1057 1350 1160 1432 deni·

143 1482 223 1554 que
238 1482 303 1530 seu
319 1456 455 1559 lepidas
474 1481 516 1528 ao
532 1460 746 1546 venustas&
766 1481 836 1528 seu
849 1457 1016 1554 thymum
1034 1461 1157 1538 facun-

146 1569 228 1647 drae
224 1571 405 1679 spuentes
415 1568 567 1642 litteras
577 1568 689 1641 solitis
706 1509 774 1641 silri
789 1570 956 1646 laudibus
967 1576 1155 1674 praedicet;

147 1683 237 1758 alias
262 1660 330 1758 sibi'
351 1683 440 1755 nihil
463 1683 663 1780 argumenti
682 1698 873 1782 suppetere
899 1689 1159 1786 conqueritur⁸

145 1798 197 1874 ad
208 1798 441 1898 propaganda
458 1822 537 1894 quae
553 1795 694 1885 scribit5
714 1795 799 1869 alias
815 1801 881 1869 ¹C.
901 1803 932 1870 t.
957 1802 1111 1874 Victoris
1123 1820 1159 1878 et

145 1911 562 1986 aliorum¹communem
574 1909 775 1996 sensumde
787 1914 1097 2012 sermocinationis
1107 1933 1158 1989 at-

132 2051 219 2126 *que
243 2025 477 2126 epistolarum
495 2023 730 2095 similitudine
754 2021 900 2122 plurimi
923 2025 1076 2119 iaciens,
1095 2054 1157 2102 ex-

120 2183 121 2190 1
144 2137 298 2228 elamat,
318 2137 393 2236 ipsa
407 2139 456 2208 Μ.
476 2135 580 2208 Tullii
602 2149 740 2223 mente,
759 2135 838 2232 ipso
852 2135 989 2230 judicio
1009 2138 1157 2214 instinc-

149 2254 229 2322 tus⁸
262 2278 271 2322 ι
299 2281 317 2316 «
336 2249 453 2322 Taedet
476 2249 643 2348 pigetque
664 2248 740 2344 jam
766 2247 932 2322 scribere.
957 2255 1156 2350 Quousque

147 2365 246 2445 enim
262 2364 343 2462 styli
359 2364 513 2460 imagine
523 2361 869 2460 jucunditatemrivi
888 2364 1065 2437 sermonis
1078 2366 1154 2439 imi·

143 2475 336 2550 tabimur?
361 2505 384 2544 >r
402 2476 537 2548 Alioubi
568 2474 614 2548 ad
645 2475 809 2572 ignotum
835 2475 941 2548 nobis
967 2475 1154 2578 homiuem

143 2593 254 2668 missa
272 2591 420 2692 epistola
432 2590 508 2664 haec
517 2591 563 2662 de
576 2589 760 2689 epistolari
767 2613 899 2686 genere
927 2590 1122 2687 signifieat¹
1142 2623 1150 2664 ε

145 2737 166 2771 «
177 2704 288 2792 Quod
297 2706 346 2778 uit
362 2719 485 2776 noster
493 2704 666 2792 comicus,
681 2722 870 2798 nunquam
888 2716 924 2774 te
942 2703 1048 2796 adeo,
1066 2707 1155 2802 quin

140 2817 258 2890 abste
281 2818 424 2890 doctior
440 2816 583 2906 abeam,
603 2815 641 2886 id
662 2839 731 2911 ego
749 2815 795 2886 de
811 2815 970 2912 epistolis
986 2817 1057 2888 tuis
1071 2817 1157 2913 jure
1233 2823 1243 2852 ¹

144 2931 441 3020 memoraverim,
463 2953 541 3026 quae
569 2926 856 3018 multissalihus‚
887 2952 1156 3028 nonnunquam

138 3043 421 3132 sententiarum,
441 3041 654 3140 plerumque
670 3062 840 3112 versuum
854 3041 1061 3126 farciuntur.
1081 3048 1153 3117 Ve-

125 3157 211 3230 'tuti
229 3180 326 3230 nunc
354 3155 478 3257 litterae
504 3171 571 3226 tuae
599 3154 738 3224 olentes
757 3153 979 3240 Platonicum
1006 3172 1148 3244 nectar,

139 3287 322 3371 quantum
338 3267 428 3340 mihi
444 3269 603 3338 muneris
617 3282 652 3338 et
667 3266 817 3338 honoris
834 3267 1026 3340 dederunt!
1049 3303 1066 3336 »
1089 3271 1154 3342 Ali·

180 3483 212 3540 Ι.
237 3476 392 3557 Symmach
411 3475 504 3551 Epist.
509 3515 519 3542 ‚
534 3475 593 3545 ΙΙΙ,
608 3489 674 3530 xiv.

181 3573 214 3631 2.
238 3568 394 3639 1d.,1·btd.,
412 3569 462 3635 lv,
475 3584 563 3623 xv111.

181 3661 214 3718 3.
235 3655 296 3730 Id.,
311 3656 395 3725 ibid„
411 3658 464 3725 lV,
480 3671 586 3710 xxvm.

179 3751 211 3806 4.
234 3747 279 3809 Cf.
293 3751 326 3808 C.
341 3750 358 3806 J
363 3738 475 3815 ..Vict'.,
490 3761 556 3820 cap.
571 3759 668 3810 xxvu,
684 3759 716 3817 p.
733 3742 805 3796 dil.

148 3881 152 3888 ·
178 3843 221 3901 5.,
233 3842 283 3898 Est
296 3835 389 3915 (quod
407 3835 476 3894 scite
489 3832 628 3910 scriptum
643 3841 685 3887 est
703 3827 866 3906 eTurpilio
879 3827 1007 3900 comico)
1027 3827 1150 3908 epistola

128 3928 301 3988 absentium
319 3927 480 3986 amicorum
494 3921 576 4000 quasi
593 3933 710 3978 mutuus
723 3937 833 3977 sermo.
853 3919 966 3979 Erasm.
984 3917 1020 3974 de
1038 3923 1150 3978 ratione

130 4015 340 4079 conscribendi
356 4014 502 4095 epistolas.

177 4123 209 4180 6.
231 4115 398 4194 symmach.
414 4114 523 4189 Epist„
535 4114 576 4182 V,
591 4129 661 4170 xxx.

176 4211 209 4270 7.
229 4205 288 4278 td„
305 4204 390 4275 ibid„
405 4205 464 4276 IX,
481 4219 600 4262 mxu.
