2880 5058
558 401 779 490 *⁴25-

168 551 266 653 idem
278 563 440 650 usurpat,
457 562 511 622 tot
522 525 599 624 aliis
610 549 735 646 juncta
743 551 964 647 testimoniis,
974 559 1096 644 Gallos
1112 558 1168 634 di·

163 666 273 740 cendi
289 659 477 763 magistros
491 679 528 736 et
541 679 702 738 oratores
718 667 802 740 satis
818 683 957 768 constat
974 673 1053 770 plus
1066 692 1169 771 aequo

166 779 341 880 grandem
351 777 704 876 magniloquentiam,
716 803 757 852 ao
765 781 918 854 nimium
929 783 1169 859 inverborum

166 909 341 994 apparatu
353 891 490 964 cultum
503 891 695 964 affectasse.
715 896 838 994 ltaque
853 893 900 965 ad
910 895 1031 975 Gallos
1046 917 1171 974 onmes

167 1005 317 1098 0011011111
332 1005 513 1091 transferri
529 1018 703 1102 possunt,
713 1030 792 1102 quae
807 1006 1006 1108 immodico
1023 1011 1170 1086 forsitan

167 1120 337 1210 diationis
353 1119 548 1216 figurarum
561 1117 647 1190 luxu
659 1133 819 1210 onerata,
841 1120 888 1192 ad
901 1124 1081 1196 Rusticum
1094 1151 1173 1198 mo·

167 1234 325 1324 narbona
340 1235 581 1330 Hieronymus
595 1217 760 1322 mittebat
770 1235 793 1302 ¹.
806 1261 823 1300 u
835 1233 962 1321 Audio,
977 1237 1106 1333 inquit,
1119 1231 1172 1310 re-

157 1349 334 1445 ligiosam·
345 1347 481 1419 babere
497 1360 697 1436 temalrem
713 1345 905 1442 quae'aluit,
924 1372 1003 1444 quae
1016 1350 1172 1426 erudivit

167 1461 355 1556 infantem,
370 1487 412 1534 ac
423 1475 506 1560 post
522 1459 640 1532 studia
649 1459 858 1551 Galliarum,
875 1485 955 1557 quae
966 1461 1023 1532 vel
1040 1463 1172 1536 floren·

166 1577 305 1648 tissima
325 1590 425 1662 sunt,
449 1574 545 1646 misit
562 1577 731 1662 Romam,
758 1589 797 1644 ut
822 1572 1023 1646 ubertatem
1045 1577 1172 1650 Gallici

169 1691 394 1786 nitoremque
421 1685 596 1759 sermonis
624 1686 776 1782 gravitas
802 1689 962 1760 Romana
988 1690 1169 1782 condiret,

167 1827 237 1874 nec
253 1801 449 1874 calcaribus
466 1801 502 1872 in
521 1815 572 1890 te,
596 1799 660 1870 sed
680 1797 789 1869 frenis
810 1814 990 1893 uteretur,
1015 1803 1116 1900 quod
1138 1820 1173 1878 et

167 1917 212 1988 in·
224 1915 464 1990 disertissimis
479 1914 564 1984 viris
579 1912 720 1982 Graeciae
728 1910 898 2006 legimus,
924 1915 986 2010 qui
1003 1917 1171 1989 Asianum

150 2044 352 2102 tumorem·
370 2029 485 2099 Attico
503 2025 685 2097 siccabant
705 2023 795 2114 sale,
814 2041 850 2096 et
871 2024 1089 2098 luxuriantes
1106 2028 1171 2100 ila·

168 2141 268 2240 gellis
293 2143 414 2214 vineas
439 2139 587 2212 falcibus
610 2137 869 2236 reprimebant,
897 2154 937 2210 nt
961 2140 1172 2238 eloquentiae

169 2255 372 2348 torcularia,
391 2279 466 2326 non
483 2254 675 2326 verborum
693 2252 885 2350 pampinis
906 2253 969 2324 sed
983 2279 1168 2345 sensuum,

151 2369 271 2466 ,quasi
289 2393 440 2442 uvarum
455 2365 744 2465 expressionibus
760 2365 1019 2439 redundarent.
1038 2397 1059 2437 n

219 2482 281 2553 llis
294 2481 464 2555 omuibus
475 2480 618 2552 Gallicae
629 2478 842 2575 eloquentiae
857 2478 965 2550 veluti
975 2483 1173 2578 insignibus

150 2656 153 2662 ,
170 2595 279 2684 notis,
291 2596 393 2666 inter
404 2595 551 2664 Ausonii
565 2617 675 2690 opera
692 2591 792 2664 facile
809 2589 1029 2688 colligendis,
1047 2596 1172 2668 eliade

149 2707 239 2786 ,hac
257 2707 383 2780 eadem
403 2732 441 2778 re
454 2706 623 2803 subjungi
639 2705 770 2777 indicia
786 2721 951 2804 possunt,
970 2707 1098 2802 liuguae
1109 2713 1174 2782 sci·
1271 2765 1274 2774 ,

169 2818 253 2892 licet
265 2821 440 2917 elingenii
451 2820 624 2910 celeritas,
636 2836 672 2890 et
677 2819 844 2914 jocorum
854 2822 1093 2913 amoenitas,et
1104 2823 1174 2895 dis-

169 2937 325 3032 putatrix
347 2934 525 3024 facundia,
544 2956 623 3030 quse
639 2946 801 3028 argutam
818 2931 914 3004 illam
933 2932 1174 3009 elocutionem

169 3047 279 3119 refert
294 3073 425 3144 quarn,
445 3048 605 3119 Charisio
635 3061 743 3133 teste,
763 3047 973 3120 Censorium
999 3052 1173 3122 Catonem

169 3163 317 3258 proprie
334 3159 443 3231 Gallis
464 3161 694 3256 assignavisse
711 3159 865 3230 diximus
877 3163 898 3229 ².
918 3164 1069 3256 Insuper
1092 3159 1174 3230 Gal·

148 3272 231 3354 lici
257 3299 293 3344 rv
319 3273 448 3344 saeculo
474 3274 653 3369 magistri,
681 3273 927 3368 grammatices
956 3287 992 3344 et
1017 3273 1184 3364 historia

150 3400 206 3463 .et
222 3381 441 3483 antiquitatis
458 3388 576 3458 omnis
594 3389 774 3476 Romanas,
795 3396 830 3455 et
854 3386 1173 3458 vetustissimarum

150 3499 268 3597 ,apud
286 3501 430 3572 Latinos
443 3497 909 3594 litterarumdiligentissimi
928 3497 1034 3568 fuisse
1055 3500 1172 3569 inves-

150 3611 338 3708 tigatores
356 3613 533 3689 videntur.
555 3616 626 3683 Nec
639 3611 758 3682 minus
775 3610 918 3681 interim
941 3609 1082 3692 assidua
1098 3625 1174 3684 erat
1255 3694 1260 3710 Ι

168 3709 268 3822 apud
286 3740 428 3796 nostros
445 3725 610 3798 homiues
626 3725 801 3796 sermonis
824 3724 934 3820 quieti
951 3724 1173 3823 jucundique

166 3837 389 3930 'exercituum
409 3863 493 3910 cum
515 3838 689 3936 frequenti
705 3837 971 3916 consuetudine·
983 3839 1174 3935 conjuncta

149 4107 173 4124 ··
213 4085 719 4164 f.1D,.·l4iieronym.Epr'st.,xcv,2.
793 4157 795 4160 Ι
868 4155 870 4160 Ι
938 4075 945 4162 ,’
1105 4119 1113 4136 1

215 4180 244 4238 s.
269 4175 342 4237 vute
356 4179 470 4256 [1119.
