2880 5058
664 439 723 476 ·-·-
738 417 819 496 tau
842 455 894 479 -

276 595 357 646 nou
373 569 514 644 minore
529 569 663 669 impetu
679 595 788 672 prosa
803 593 912 671 quam
928 590 1034 664 vcrsu
1048 567 1235 670 loquendi,
1245 584 1289 645 ct

263 685 695 782 ‘sacilicanuraquevoca
712 707 810 758 nunc
822 685 1052 786 panegyricus
1063 683 1288 788 dictioncsct

274 799 461 873 ¹ortationes
472 797 808 894 udectamutones,
821 798 1046 871 nunconmis
1054 797 1195 896 generis
1203 819 1288 872 vcn-

279 909 411 984 siculos
428 923 464 980 et
480 910 640 983 carmina
653 909 774 1010 palam
791 911 830 984 in
847 909 1046 1003 auditoriis,
1057 911 1096 984 in
1109 910 1291 1010 locisque

279 1021 465 1098 atlrenaea¹
497 1023 744 1124 appellabant,
764 1023 972 1126 uoluptatis
1002 1023 1235 1097 audientiur‘n
1252 1038 1292 1099 ct

279 1137 427 1241 plausus
443 1135 573 1233 gratia,
595 1135 781 1210 recitandi.
798 1140 891 1226 Quae
908 1137 1056 1237 quidem
1071 1138 1195 1210 omnia
1211 1156 1291 1211 nou

280 1249 395 1326 modo
411 1275 455 1324 ex
472 1250 643 1341 Ausonio,
665 1275 685 1323 e
704 1251 935 1348 Symmacho,
954 1251 1102 1352 allisque
1117 1249 1289 1323 msaeculi

281 1362 515 1464 scriptoribus
550 1363 870 1456 manifesta-sunu
902 1364 978 1458 sed,
1013 1389 1039 1437 v
1067 1366 1176 1439 etiarn
1206 1376 1288 1466 post

281 1479 463 1554 Christum
474 1499 564 1570 ωηο,
577 1501 598 1550 e
612 1477 751 1549 sidonii
766 1479 881 1550 nostri
899 1477 1113 1578 Apollinaris
1124 1476 1286 1577 complu·

281 1591 380 1667 ribus
404 1589 637 1692 epistolarum
656 1589 762 1682 louis,
782 1603 818 1664 et
843 1615 888 1662 cx
902 1587 1287 1663 EnuodiivTicineusb

282 1707 442 1808 episcopi
456 1701 685 1799 dictionibus,
699 1715 734 1776 ot
748 1729 791 1776 ex
807 1702 960 1776 aliorum
973 1705 1191 1778 testimoniis·
1197 1703 1288 1777 ultra

282 1820 429 1894 Ausonii
444 1831 480 1892 et
498 1817 704 1915 Symmachi
723 1831 880 1911 atatem,
897 1817 1093 1892 ostendunt
1108 1817 1286 1892 declama·

281 1936 398 2008 tiones
414 1947 451 2005 et
465 1929 641 2030 quaslibet
666 1930 854 2004 rhetorum
880 1945 1145 2033 poetarumque
1163 1931 1287 2005 recita-

272 2050 400 2122 ¹tiones
424 2043 603 2119 constanti
619 2069 688 2117 usu
703 2045 741 2118 in
759 2045 956 2118 Galliarum
981 2045 1113 2118 scholis
1130 2060 1166 2118 et
1183 2044 1290 2117 audi·

283 2159 404 2248 toriis,
428 2171 463 2228 et
488 2155 656 2227 athenaeis
679 2155 842 2252 riguisse.
865 2154 1004 2243 Quasi
1024 2154 1131 2254 plane
1154 2177 1241 2227 vcra
1254 2166 1291 2228 ct

273 2269 496 2343 confirmata
511 2280 607 2354 sunt,
627 2264 713 2338 inde
730 2265 842 2364 liquet
858 2263 1029 2336 omuibus
1046 2265 1089 2338 iis
1106 2265 1293 2338 sententia·

284 2394 367 2455 rum
398 2377 638 2467 acuminibus,
665 2377 1038 2478 quibusvmagnopere
1064 2381 1101 2450 in
1132 2379 1292 2479 epistolis

285 2493 445 2594 gavisum
463 2515 538 2562 esse
554 2490 810 2590 Symmachum
827 2492 1124 2578 memoravimus,
1152 2506 1188 2564 ct
1212 2515 1291 2591 quae

284 2606 436 2680 libenter
452 2617 529 2676 tum
547 2601 620 2693 hic,
641 2616 716 2672 tum
736 2603 983 2695 Cassiodorus,
1001 2603 1200 2676 litterarum
1218 2605 1291 2704 plc-

284 2743 478 2815 rarumquc
506 2716 608 2796 initio'
632 2731 824 2814 usurpant,
853 2741 931 2815 quae
954 2731 1080 2790 oontra
1108 2721 1148 2789 C.
1179 2717 1291 2789 Julius

285 2833 464 2906 victorin
484 2829 689 2901 orationum
711 2827 879 2902 clausulis
900 2830 1052 2901 nimium
1070 2829 1292 2927 frequentata

284 2947 463 3042 vituperat
473 2945 497 3032 ¹,
516 2941 673 3014 Gallicos
697 2963 735 3011 rr
762 2942 834 3013 aevi
851 2942 1292 3018 rhetoresacarrimcstu-

271 3056 419 3130 vduisse.

335 3166 436 3238 lllam
452 3163 489 3236 in
501 3162 619 3236 verbis
633 3161 814 3235 stellarum
823 3187 865 3236 ac
874 3165 1104 3264 phalerarum
1116 3168 1290 3267 supellec·

286 3281 404 3372 tilem,
432 3303 520 3378 quas
551 3299 817 3374 nonnunquam
836 3277 910 3374 joci
936 3282 1047 3376 gratia
1078 3285 1125 3352 11.
1158 3281 1293 3354 Tullius

154 3423 157 3432 ’
271 3400 430 3476 ’ληκύθους
446 3389 639 3480 nominat⁸,
657 3388 704 3462 dc
718 3389 893 3462 industria
913 3392 1059 3491 plausus
1086 3393 1293 3466 concitandi

270 3529 392 3588 ¹nausa
424 3504 631 3595 collocatas,
664 3527 739 3579 nun
779 3503 900 3575 minus
914 3553 917 3562 .
930 3529 970 3576 w,
996 3504 1146 3599 soeculo,
1176 3525 1292 3605 qnam

285 3639 413 3713 autca,·
443 3619 558 3692 nostri
591 3615 819 3690 adornabant.
846 3615 930 3690 Sive
956 3618 1101 3694 enimc
1132 3639 1291 3720 panegy-

325 3893 356 3951 l.
377 3885 541 3966 symmach.
558 3887 666 3962 Epist,
682 3887 711 3964 1,
729 3905 779 3946 xv.
803 3881 904 3949 Sidon.
915 3884 1043 3966 apollin.
1055 3888 1148 3964 Epist.
1154 3929 1163 3961 ,
1181 3889 1223 3964 11,
1239 3878 1288 3974 rxp

282 3982 452 4131 lxxa·
467 4063 562 4137 tien,
578 4083 642 4144 cap.
657 4083 740 4139 nn,
757 4083 788 4142 p.
805 4067 882 4137 107,
899 4063 1291 4146 eruutil.v111,tt‚au·

286 4163 334 4221 11.
355 4156 469 4237 videp.
488 4155 594 4214 31-32.
1139 4203 1142 4218 ,

326 4253 355 4314 3.
378 4248 439 4315 Cic.
458 4247 501 4306 ad
515 4244 604 4304 Ante.
618 4241 728 4319 Epist,
745 4243 777 4315 1,
800 4259 867 4304 ιω.
