2866 5056
560 357 755 428 ..Ἰ-9...

154 503 268 581 verba
283 501 493 592 concidunt,
503 502 664 600 syllabas
680 503 884 595 obscurant,
899 509 1155 584 nonneitidem

156 617 291 716 aliquid
300 617 376 714 jam
390 617 428 690 in
443 616 568 711 ignoto
586 616 782 692 Galliarum
798 617 946 694 homine
957 621 1156 719 deprehen·

158 733 239 826 dns²
251 731 352 830 quod
363 730 450 806 olim
465 729 593 806 melius
608 745 644 802 et
659 729 763 805 latius
776 745 811 804 et
824 732 1039 808 luculentius
1052 737 1157 810 insita

158 844 393 921 Galtouaueis
408 842 671 942 perspicacius,
687 863 784 914 nuuc
801 843 838 914 in
859 846 993 936 satiris,
1010 849 1157 922 nuncin

158 957 368 1050 comoediis,
389 979 486 1032 nunc
500 956 537 1032 in
553 955 630 1030 aliis
643 955 823 1033 scribendi
845 959 1035 1052 generibus
1062 961 1158 1036 itro-

158 1073 288 1150 trabit?

209 1193 377 1264 Ceterum
397 1183 511 1266 'libere
535 1184 647 1257 fateor
670 1183 766 1258 nulla
786 1183 832 1258 dc
858 1187 1159 1263 sermocinatione

160 1299 386 1398 plerumque,
395 1297 558 1370 nisinou
568 1311 603 1370 et
613 1297 765 1392 vulgatu,
779 1298 1160 1393 etquaefereomoibns

161 1413 281 1486 sintin
299 1425 483 1508 promptu,
496 1423 670 1508 praeccpta
683 1411 863 1483 Victorem
875 1411 1071 1486 tradidisse.
1087 1415 1161 1490 Sed

161 1524 250 1623 quid
266 1522 365 1596 aliud
388 1547 408 1594 s
432 1521 625 1596 rhetorices
641 1522 859 1620 compendio
879 1527 1074 1622 exspectari
1093 1551 1160 1624 po-
1231 1603 1233 1612 ,

161 1637 276 1714 terat?
292 1635 399 1724 Quod
409 1635 439 1708 si
451 1633 691 1710 reconditiora
707 1637 881 1710 sermonis
897 1661 1026 1713 mustra
1042 1640 1160 1735 iuqui-

161 1775 242 1834 rnre,
256 1749 353 1842 velis,
367 1772 509 1823 necesse
519 1762 570 1818 est
581 1747 627 1818 ad
641 1749 802 1846 ipsorum
817 1751 1031 1848 scriptorum
1046 1752 1162 1826 loutes

163 1861 391 1936 inexhaustos
400 1859 595 1956 confugias,
608 1860 865 1960 quihourinum
875 1863 966 1936 inter
973 1889 1010 1934 se
1017 1891 1162 1938 versan-

164 1976 255 2052 tium
272 1988 308 2046 et
324 1973 607 2070 colloquentium
623 1987 701 2047 tum
719 1999 851 2064 mores,
874 1990 950 2050 tum
964 1996 1160 2071 sermones,

165 2088 318 2164 nuncin
338 2086 485 2177 fatuis,
503 2087 653 2161 nuncin
674 2087 808 2176 satiris,
823 2111 921 2164 nuuc
936 2088 974 2160 iu
993 2088 1160 2186 dialogis,

165 2225 266 2276 nunc
293 2200 329 2273 in
356 2198 594 2290 orationibus,
621 2223 718 2272 nunc
744 2201 782 2270 iu
808 2199 978 2292 historiis,
1004 2225 1102 2274 nunc
1119 2203 1163 2274 'in

163 2314 342 2416 epistolis,
361 2315 504 2400 nuncin
517 2313 712 2386 moralibus
722 2317 919 2414 princepum
932 2316 1164 2390 metuatis

166 2431 269 2506 libris
285 2427 500 2526 etoperibus
518 2429 797 2505 declaraverunt.

217 2549 341 2640 ltaque
352 2542 618 2634 metroviam,
633 2543 669 2615 iu
679 2557 803 2638 quartu
814 2543 1043 2641 capitisxxm,
1056 2567 1165 2640 qum

170 2683 278 2755 supra
290 2655 525 2746 distinximus,
545 2669 657 2752 parte,
670 2656 858 2729 admonuit
867 2656 1022 2748 multum¹
1033 2655 1080 2728 ad
1094 2681 1166 2731 ser-

169 2771 288 2846 monis
305 2769 452 2866 granam
470 2767 586 2838 valere
599 2783 760 2843 veterum
774 2769 1019 2866 exemplorum
1032 2792 1167 2842 memo·

167 2885 277 2973 riom,
299 2906 419 2954 rerum
439 2903 616 2954 noverum
632 2881 833 2974 scientium,
858 2881 970 2952 modo
986 2880 1046 2952 illa
1062 2879 1168 2956 obvia

170 2993 503 3083 accommodentur,
518 3007 554 3064 et
567 2992 840 3090 proverbiorum
857 2995 1168 3090 tempestivitatem

170 3107 329 3207 lepidam
340 3131 415 3178 esse
426 3109 632 3178 Graecorum
642 3121 749 3204 utque
761 3122 980 3200 nostrorum,
1000 3122 1036 3180 et
1048 3133 1170 3180 versus

171 3235 334 3320 partesve
352 3243 501 3311 corum,
528 3233 563 3296 et
590 3244 633 3290 ex
661 3220 861 3295 oratoribus
886 3223 1006 3294 aliisve
1031 3221 1170 3318 scriptis

172 3333 378 3422 sententies,
397 3333 426 3405 si
440 3331 523 3402 loco
541 3331 780 3428 proferantur.
804 3363 822 3402 u
837 3334 987 3406 Multum
1006 3357 1169 3429 quoque,

172 3449 259 3539 uit¹,
288 3445 335 3520 nd
352 3443 529 3518 sermonis
548 3442 759 3540 elegantiam
782 3446 967 3521 conferent
990 3445 1172 3516 comoediae

174 3575 312 3634 veteres
332 3573 367 3630 et
387 3553 514 3656 togetae
538 3573 573 3630 et
591 3556 799 3632 uternariae
819 3574 856 3632 et
872 3558 1031 3632 stellanae
1046 3556 1173 3630 fabulae

175 3689 213 3746 et
225 3670 482 3762 mimofabulae3
500 3671 653 3744 multum
669 3672 776 3744 etiam
794 3671 949 3770 epistolae
965 3686 1118 3765 veteres,
1136 3674 1174 3742 in

176 3785 302 3886 primis
317 3783 494 3876 Tullianae.
514 3812 531 3850 υ
551 3788 589 3856 lu
607 3799 776 3884 promptu
793 3799 857 3883 por
871 3809 1051 3858 summum
1063 3811 1175 3858 erenr-

179 3901 324 4000 plorum
349 3897 492 3996 copiam
521 3897 709 3972 ostendere
735 3913 846 3992 esset,
863 3923 974 3996 qmtu
998 3922 1082 3972 vere
1105 3899 1176 3972 sint

221 4130 251 4188 l.
275 4127 306 4186 C.
322 4128 350 4186 J.
366 4123 453 4196 vict,
466 4142 528 4199 cap.
541 4143 626 4198 uuvr,
641 4143 672 4204 p.
690 4127 758 4184 123.
