2880 5058
662 344 884 419 -toss-

265 495 363 586 aba,
377 521 419 568 ae
428 496 605 594 praecipue
616 494 774 565 duorum
792 494 1000 566 ultimorum
1012 496 1170 594 capitum
1186 518 1272 566 con·

266 612 465 687 elusionem
475 623 680 708 repetamus
691 622 726 678 et
736 607 874 705 aliquot
885 609 1056 708 exemplis
1065 607 1273 680 illustratam

265 723 506 814 instruamus,
536 735 574 792 ut
596 720 768 818 deinceps
792 720 840 792 ad
865 721 1062 792 secundam
1081 735 1117 792 et
1135 721 1273 792 tertiam

265 857 311 906 ert
318 833 448 907 ordine
461 833 724 931 perveniamus.
737 833 918 904 Macrobio
929 839 1043 923 teste¹,
1056 817 1275 928 cujusverlia

266 947 412 1036 llaius’,
431 973 546 1044 quum
571 945 618 1017 de
642 944 860 1044 Symmacho
887 959 1028 1018 oratore
1054 947 1271 1043 praeiaretur,

267 1060 412 1148 retulit,
432 1089 449 1125 ι(
465 1065 629 1148 Quatuor
645 1073 728 1129 sunt
738 1082 868 1153 genera
885 1057 1047 1129 dicendi:
1061 1058 1273 1156 copiosum,

268 1173 308 1246 in
326 1191 401 1270 qno
419 1175 544 1246 Cicero
560 1174 787 1263 dominatum
806 1171 929 1264 breve,
949 1173 986 1243 in
1001 1198 1077 1269 quo
1092 1171 1275 1245 Sallustius

267 1301 412 1384 regnan
432 1289 580 1377 siceum,
599 1287 698 1384 quod
713 1287 886 1358 Frontoni
903 1285 1133 1375 adscribitur3
1145 1286 1276 1384 pingue

266 1415 305 1473 et
321 1400 503 1492 floridum,
523 1402 560 1472 in
581 1425 655 1498 quo
667 1401 799 1471 Plinius
808 1399 1001 1490 secundus,
1020 1414 1056 1471 et
1067 1425 1165 1471 uune
1178 1399 1275 1491 nullo

267 1525 432 1584 veterum
460 1515 580 1584 minor
606 1521 729 1584 noster
756 1513 990 1609 Symmachus
1014 1513 1225 1584 iuxuriatur.
1256 1542 1273 1580 a

266 1625 410 1712 Quibus
424 1640 606 1721 equatuor
615 1625 760 1700 dicendi
772 1625 976 1720 generibus,
988 1627 1017 1696 si
1026 1625 1277 1696 Sallustianum

268 1763 451 1836 excerpas,
471 1753 596 1836 utpote
620 1737 721 1839 quod
741 1738 925 1809 Sallustius
951 1764 1071 1811 rerum
1100 1753 1276 1835 gestarum

271 1850 446 1947 scriptor,
471 1876 546 1920 non
574 1875 698 1923 revera
725 1866 846 1921 autem
870 1865 993 1922 orator
1012 1851 1277 1939 exstiterit,tria

269 1977 487 2060 supererunt
504 1963 649 2036 dicendi
675 1989 830 2060 genera,
851 1986 1023 2062 quaenon
1042 1965 1159 2035 minus
1183 1961 1277 2062 apud

270 2077 407 2166 Gallos,
429 2095 540 2176 quem
558 2082 739 2150 Romanos
756 2079 866 2176 ipsos,
887 2093 963 2148 tum
980 2079 1177 2149 diutissime
1197 2091 1277 2150 ante

270 2193 426 2264 Victoris
436 2193 625 2291 probabile
633 2217 763 2276 aevum,
784 2207 861 2263 tum
875 2194 954 2290 ipso
963 2192 1115 2291 hujusce
1126 2191 1278 2262 rhetoris

270 2331 348 2377 sevo
365 2306 527 2376 floruisse
546 2319 771 2401 compertum
786 2321 851 2376 est.
878 2311 929 2395 lle
952 2307 1049 2377 enim
1065 2309 1112 2376 ll.
1126 2304 1278 2376 Tullium

270 2418 412 2513 loquar,
438 2417 539 2512 cujus
562 2418 725 2513 perlectae
742 2419 952 2516 eloquentiae
969 2419 1005 2489 iu
1034 2419 1133 2489 omni
1150 2417 1279 2489 littera·

270 2553 353 2600 rum
376 2553 505 2625 genere
526 2531 706 2626 specimen
735 2531 827 2602 adeo
858 2545 1065 2602 constanter
1093 2530 1279 2602 Gallorum

269 2658 483 2713 nostrorum
500 2643 629 2713 animis
646 2641 875 2716 obversatum
893 2659 956 2733 est,
977 2659 1017 2714 ut
1040 2651 1065 2713 v'
1090 2644 1197 2713 etiam
1216 2667 1276 2713 sae·

273 2756 343 2827 culi
373 2755 595 2853 temporibus
631 2757 798 2828 Sidonius
825 2757 1054 2854 Apollinaris⁸
1074 2784 1093 2823 u
1113 2760 1158 2842 Q.
1178 2757 1280 2853 Sym·

271 2870 406 2957 machi,
429 2883 469 2939 ut
483 2870 544 2958 ait,
563 2870 836 2959 rotunditatem,
848 2871 922 2940 Caii
935 2868 1035 2938 Plinii
1054 2867 1280 2965 disciplinam

271 2983 588 3077 maturitatemque
611 2983 764 3077 vestigiis
789 2983 1080 3080 praesumptuosis
1103 2981 1281 3052 insecutu-

272 3115 356 3184 rus,
372 3121 389 3156 a
401 3091 634 3163 exclamaretz
651 3123 668 3160 u
681 3117 765 3164 nam
776 3094 821 3164 de
832 3097 879 3164 M.
895 3093 1009 3164 Tullio
1025 3093 1127 3164 silere
1139 3094 1175 3163 in
1190 3093 1279 3189 stylo

272 3205 457 3303 epistolari
481 3204 607 3276 melius
631 3221 740 3312 put03
763 3237 779 3273 u
797 3205 889 3279 adeo
916 3233 953 3279 sc
974 3206 1180 3278 absolutum
1206 3207 1281 3277 elo-

161 3407 164 3414 ,
272 3320 501 3418 quentissiml
524 3322 688 3391 omnium
702 3323 768 3393 viri
780 3322 960 3418 exemplar
975 3322 1102 3391 imitari
1120 3346 1159 3391 se
1176 3344 1281 3418 posse

272 3433 505 3531 desperabam
524 3439 744 3506 Frontonem
757 3440 842 3508 etC.
867 3434 1183 3533 Pliniumetlrujus
1201 3435 1281 3504 assi·

273 3543 389 3616 duum
409 3547 624 3619 imitatorem
645 3551 917 3646 Symmachum,
937 3573 1045 3620 uerno
1065 3573 1140 3618 non
1157 3547 1281 3618 litteris

274 3655 434 3730 imbutus
458 3684 533 3731 uon
556 3661 694 3734 dubitet
717 3663 912 3762 plurimum
939 3663 1158 3734 auctoritatis
1184 3657 1281 3759 apud

317 3860 348 3926 i·
371 3855 499 3926 Mfissfflb.
514 3862 644 3934 Satura„
660 3865 699 3936 V,
715 3866 744 3930 l,

315 3948 344 4005 Ξ.
369 3945 426 4003 Adi
438 3946 546 4004 Maium
562 3952 599 4005 de
614 3953 778 4024 Symmacho
796 3964 906 4018 oratore
918 3963 945 4010 et
967 3954 1004 4010 de
1019 3951 1181 4028 Symmachi
1196 3953 1278 4024 mla,

274 4055 473 4188 P'dlnslion.
489 4123 616 4204 sporus.
634 4130 743 4203 apua,
758 4133 789 4206 1,
804 4149 827 4191 1.
