2866 5056
634 379 834 456 -to-

234 548 297 607 aut
314 533 441 605 Titiani
458 532 494 602 in
516 532 673 604 oratoria
690 547 765 604 arte
781 533 876 626 leges
898 531 1236 604 accommodaverit.

235 649 396 743 Namque
411 643 660 716 difficillimum
675 659 727 717 cst
745 645 791 742 (si
811 644 923 715 modo
939 669 996 716 res
1012 667 1239 742 quacumque

234 758 292 830 via
304 756 379 828 lieri
397 755 524 856 possit)
536 756 634 829 locos
646 759 683 828 in
694 757 848 830 Victoris
859 754 953 828 libro
965 766 1237 853 recognoscere,

235 894 328 968 quos
344 869 401 940 ille
415 893 436 940 a
451 867 565 940 tribus
585 869 628 940 iis
650 893 758 970 supra
777 869 970 942 nominatis
986 869 1130 942 dicendi
1149 869 1240 942 doo-

235 980 373 1056 toribus
394 995 572 1079 acceptos,
598 980 645 1053 ad
669 1007 761 1081 opus
777 1007 885 1054 suum
908 980 1084 1055 adhibuit.
1104 985 1240 1056 coma

235 1108 354 1167 autem
381 1085 542 1192 dignosci
570 1094 792 1191 aliquatenus
819 1108 938 1194 potest
966 1096 1054 1194 quid
1081 1097 1241 1168 utilitatis

234 1231 309 1279 uon
340 1205 458 1278 solum
489 1230 510 1278 a
540 1206 714 1278 Cicerone
746 1223 781 1280 et
813 1209 1052 1298 Quintiliano,
1083 1231 1241 1305 quorum

235 1342 345 1416 opera
367 1332 518 1410 exstant,
541 1317 726 1391 sedetiam
744 1319 791 1391 ab
810 1323 1030 1416 Hermagora
1048 1321 1127 1419 ipso
1144 1336 1241 1393 retu·

233 1431 326 1522 lerit,
350 1429 433 1501 licet
458 1431 604 1525 genuini
630 1431 677 1504 ab
705 1457 749 1505 eo
775 1433 821 1504 de
848 1433 1025 1505 rhetorica
1051 1433 1241 1530 compositi

232 1543 315 1617 libri
330 1545 510 1641 perierint.
526 1547 637 1618 Tanta
654 1547 750 1618 enim
762 1546 956 1646 disciplina
970 1547 1064 1619 fama
1079 1547 1242 1618 excelluit

235 1659 484 1753 Hermagoras,
499 1671 535 1728 et
547 1657 650 1730 toties
668 1657 714 1730 ab
731 1659 899 1730 omnibus
917 1657 1122 1731 rhetoribus
1140 1660 1241 1730 Iati-

234 1769 293 1840 nis
303 1769 396 1840 illius
410 1771 447 1840 in
463 1783 604 1840 oratore
620 1771 809 1843 edocendo
822 1772 912 1843 ratio
930 1786 1097 1844 revocata
1116 1787 1181 1862 est,
1197 1787 1241 1844 ut

232 1882 305 1954 fere
322 1884 489 1956 universa
500 1888 727 1980 Hermagorae
744 1885 909 1958 doctrina
927 1885 1115 1958 instaurari
1131 1885 1178 1958 ab
1196 1910 1240 1958 eo

232 2009 369 2094 posset,
389 1997 452 2094 qui
473 2011 636 2069 accurate
657 2012 788 2070 cuncta
808 2013 970 2070 veterum
986 1999 1187 2069 testimonia
1199 2012 1242 2070 ot

233 2105 409 2203 digereret
427 2122 463 2179 et
480 2107 690 2204 dijudicaret
716 2125 751 2181 et
776 2109 877 2207 quasi
902 2111 939 2182 in
965 2134 1097 2208 corpus
1126 2133 1242 2212 unum

233 2221 471 2294 contraheret.
486 2221 595 2309 Quod
606 2224 635 2294 si
649 2223 729 2319 quis
741 2222 919 2294 rhetorica
932 2223 1064 2320 passim
1073 2225 1120 2292 M.
1137 2221 1242 2293 Tullii

233 2355 344 2430 opera
361 2357 403 2404 ac
426 2336 621 2431 praesertim
639 2332 685 2404 de
703 2335 915 2406 Inventione
931 2333 1105 2432 juveniles
1128 2331 1242 2405 libros

232 2443 371 2536 adierit,
390 2446 420 2516 si
437 2445 570 2516 multos
586 2461 755 2544 praeterea
773 2472 815 2518 ex
831 2445 1054 2534 Quintiliano
1072 2460 1108 2519 et
1123 2447 1242 2517 mino·

232 2557 330 2630 ribus
352 2558 561 2658 artigraphis
586 2582 606 2630 a
633 2559 770 2632 Pithoeo
794 2559 952 2632 collectis
978 2560 1077 2631 locos
1101 2559 1241 2656 adjece-

232 2672 290 2759 rit,
314 2672 478 2769 sineque
501 2672 717 2763 Cassiodori‚
740 2697 858 2771 neque
874 2672 1001 2746 lsidori
1024 2671 1242 2770 Hispalensis

233 2783 427 2857 rhetorices
439 2785 656 2884 compendia
672 2787 877 2884 neglexerit,
895 2788 925 2858 si
942 2786 1118 2884 imprimis
1126 2784 1241 2880 jejuni

233 2893 314 2966 lioet
331 2909 439 2992 atque
455 2896 606 2968 omnino
627 2897 813 2992 exsanguis
831 2895 984 2967 rhetoris
1001 2893 1094 2966 illius
1109 2892 1241 2991 princi·

232 3007 292 3103 pia
302 3021 543 3103 perscrutatus
560 3008 638 3100 erit,
653 3031 732 3105 quae
749 3007 837 3079 falso
856 3006 1003 3104 quidem
1016 3006 1110 3076 Divo
1125 3009 1240 3076 Aure-

233 3116 282 3190 lio
296 3120 491 3216 Augustino
504 3118 681 3218 adscripta
697 3133 799 3212 sunt,
816 3119 880 3190 sed
896 3143 976 3216 quae
989 3117 1153 3216 prolecto
1165 3132 1239 3190 tota

234 3234 481 3328 Hermagoreae
507 3232 654 3304 rationis
683 3256 848 3330 saporem
879 3246 913 3302 et
944 3246 1087 3329 gustum
1119 3253 1239 3326 quem·

234 3345 318 3418 dam
335 3345 511 3437 redolent,
531 3347 559 3417 is
577 3370 786 3446 persuasum
803 3345 871 3418 sibi
882 3345 1027 3419 habebit
1046 3343 1242 3440 disciplinae

234 3459 394 3556 ejusdem
419 3459 627 3557 reparandae
648 3459 895 3533 difficultatem
916 3483 993 3531 non
1012 3460 1141 3530 frustra
1162 3481 1240 3528 sus·

235 3587 378 3669 ceptum
391 3573 446 3643 iri.
464 3576 543 3644 Non
559 3573 726 3669 equidem
743 3574 779 3644 in
796 3572 856 3644 illa
870 3569 1042 3643 solvenda
1055 3569 1240 3643 elaborare

234 3685 344 3775 volui,
362 3686 425 3756 sed
438 3711 481 3757 ex
495 3686 537 3756 iis
553 3683 788 3783 scriptoribus
805 3708 897 3780 quos
915 3682 1026 3754 modo
1041 3684 1240 3756 memoravi

112 3784 117 3792 ’
235 3796 273 3868 id
290 3811 442 3885 tantum,
463 3798 492 3869 si
507 3796 609 3868 locus
623 3797 702 3886 erit,
721 3797 904 3892 arripiam,
922 3794 1023 3893 quod
1039 3794 1085 3867 ab
1096 3801 1241 3867 Henna·

235 3933 329 4008 gorae
340 3909 440 3981 libris
456 3911 492 3980 in
506 3910 657 3981 Victoris
676 3909 901 3981 Rhetoricam
914 3907 1117 4007 profectum
1128 3908 1241 3980 mani-

236 4022 321 4096 feste
336 4022 556 4095 ostendatur.
577 4022 705 4094 Itidem
718 4047 793 4094 non
811 4021 908 4093 aliud
927 4020 1023 4119 apud
1039 4020 1241 4093 ubenimos

235 4136 447 4238 eloquentiae
465 4137 601 4230 fontes,
621 4159 714 4234 quos
736 4135 887 4235 posteris
908 4132 1041 4207 Tullius
1061 4150 1096 4208 et
1111 4133 1240 4206 Fabius
