2880 5058
540 343 742 420 ⁸99²*-

134 497 327 570 hominum
340 493 456 584 multi,
472 498 509 567 in
523 495 811 568 consolationum
825 513 998 596 apparatu
1012 502 1138 594 nimio,

135 613 400 686 laboraverant.
429 611 490 681 stn
517 625 642 684 antem
665 611 905 708 posteriorem
931 616 1145 688 sententiam

135 727 236 799 omni
252 739 372 796 mente
389 739 426 796 ct·
441 725 566 796 animo
580 726 845 823 introspexeris,
865 727 902 797 in
916 727 1069 825 provida
1083 729 1146 804 itte

135 837 328 911 defuturis
350 838 497 911 fortasse
520 837 680 910 tristibus
704 839 904 910 amicorum
921 841 1143 938 temporibus

134 951 332 1048 diligentia,
345 977 457 1049 quum
468 953 612 1049 jocosas
627 966 768 1023 nostras
783 952 952 1051 epistolas
967 954 1139 1050 relegerit,

133 1089 260 1138 nonne
279 1065 469 1137 scintillam
485 1065 679 1163 quamdam
696 1081 731 1138 et
746 1075 869 1137 nescio
885 1091 999 1164 quem
1009 1068 1144 1162 ignicu

134 1180 209 1251 lum
230 1178 435 1250 christianae
461 1180 553 1251 illius
578 1181 731 1251 caritatis
757 1178 965 1276 dignoscas,
997 1199 1076 1276 quac
1104 1183 1141 1251 irl

135 1291 298 1365 ethnicos
318 1292 497 1382 homines,
525 1293 632 1364 etiam
653 1293 784 1364 invitos
806 1307 841 1365 et
865 1293 1008 1381 inscios,
1036 1294 1148 1364 inter·

135 1405 225 1478 dum
248 1405 542 1478 diffundebatur?
558 1405 633 1477 ‘Sed
657 1405 751 1476 lrane
781 1405 878 1476 docti
902 1429 970 1504 pro
995 1405 1145 1479 arbitrie
1178 1435 1179 1441 ¹

135 1543 203 1591 suo
228 1520 526 1618 interpretentur)
553 1519 658 1590 nobis
686 1543 773 1591 vero
799 1519 882 1592 satis
911 1519 954 1590 sit
970 1519 1009 1590 id
1027 1519 1149 1592 obiter

134 1632 352 1729 conjecturae
362 1633 534 1724 attulisse,
549 1654 628 1730 (prae
641 1633 791 1704 forsitan
803 1657 847 1704 eo
864 1632 998 1704 facilius
1008 1633 1147 1708 destrui

134 1761 266 1846 potest,
287 1747 388 1844 quod
413 1749 531 1846 ipsum
556 1747 653 1819 hunc
674 1749 832 1819 Victoris
851 1749 1055 1819 sensnm'in
1080 1749 1144 1820 ali-³

135 1885 240 1957 quoe
253 1862 400 1932 vetustis
414 1861 660 1960 scriptoribus,
676 1861 738 1958 qui
754 1860 920 1958 quadam
933 1861 1147 1937 deamicitia

135 1972 374 2062 tradiderunt,
389 1973 550 2045 cruditus
562 1973 792 2070 antiquarum
802 1995 921 2044 rerum
937 1973 1145 2070 disquisitae

134 2085 323 2157 inveniret.
339 2091 540 2184 Antequam
557 2085 602 2158 ab
617 2088 661 2158 iis
671 2088 831 2183 quinque
845 2085 1052 2176 deratione,
1069 2099 1145 2182 qua

135 2198 326 2272 familiares
350 2201 517 2298 epistolas
541 2202 681 2289 Victor‚-
710 2198 916 2270 scribendas
939 2223 1017 2270 esse
1043 2198 1145 2270 duxit

135 2313 430 2384 annotationibus
444 2313 514 2385 alio
529 2313 727 2410 degrediar,
743 2326 877 2383 sextam
893 2311 940 2382 tle
956 2311 1053 2383 bisce
1066 2312 1145 2383 rhe-

136 2425 223 2496 toris
240 2427 354 2498 nostri
369 2425 504 2500 uerbis¹
520 2427 674 2523 adjicere
693 2427 820 2502 liceat:
845 2431 996 2502 «Grae'ce
1009 2425 1149 2524 aliquid

135 2537 270 2611 addere
288 2539 411 2612 litteris
429 2558 538 2614 suave
558 2544 675 2632 cst‚=si
696 2542 735 2613 id
752 2564 870 2640 neque
894 2545 1143 2646 intempestive

133 2675 253 2749 neque
280 2653 409 2724 crebro
428 2653 545 2725 facias.
569 2684 587 2719 n
612 2653 742 2726 Nonne
764 2655 839 2727 haeo
862 2663 1148 2754 argumentatio·

132 2787 219 2836 nem
241 2782 401 2838 nostram
423 2791 532 2865 snpra
554 2768 766 2840 conclusam·
784 2770 942 2842 refellere
959 2773 1138 2869 videntur,

134 2901 207 2976 qna
231 2880 386 2952 diximus
413 2883 529 2952 Graeci
554 2883 735 2953 sermonis·
753 2907 859 2953 usum
884 2883 1148 2961 multominus

133 2994 292 3064 Victoris
306 3009 405 3066 aetate
419 2995 516 3095 apud
533 2997 678 3068 Latinos
692 2997 894 3093 scriptores,
912 3016 1026 3096 quant
1039 3003 1139 3075 Cice*

133 3107 232 3176 ronis
248 3121 282 3177 ct
296 3107 505 3194 Quintiliani
518 3133 614 3201 aevu,
629 3126 704 3180 csse
719 3107 964 3182 celebratum?
977 3115 1058 3185 Haec
1072 3127 1139 3212 ego

115 3216 417 3316 -haudquaquam
435 3223 613 3294 contraria
636 3247 712 3294 esse
736 3223 791 3313 iis,
810 3235 890 3320 quac
914 3226 1014 3322 priu‘s
1037 3250 1058 3297 a
1081 3239 1142 3300 me'

133 3329 314 3430 disputata
339 3349 425 3406 sunt·
444 3337 469 3425 ’,
497 3335 664 3407 arbitror.
700 3340 882 3434 Nusquam
912 3339 1008 3410 enirn
1037 3339 1134 3412 allir'·

134 3447 251 3539 mavi,
283 3472 401 3546 neque
435 3453 564 3522 Graecae
598 3449 747 3546 linguae,
779 3473 898 3549 neque
927 3455 1138 3526 Graecorurti

134 3576 323 3632 auctorum
350 3564 650 3636 consuetudinem
676 3566 819 3662 penitus
843 3589 920 3636 esse
943 3564 988 3637 de
1013 3567 1142 3640 metito

133 3673 326 3768 sublatam,
361 3678 456 3775 apud
492 3704 530 3750 rv
570 3678 689 3750 saeculi
728 3679 872 3750 Latinos
904 3678 1069 3752 homines
1104 3693 1140 3754 et

133 3789 335 3887 scriptores.
366 3791 474 3878 Quod
499 3791 591 3864 adeo
614 3817 635 3863 a
659 3803 750 3864 v'ero
769 3803 952 3863 rernoturtr'
970 3809 1079 3885 esset,
1099 3807 1139 3868 nt

175 4048 203 4106 l.
224 4047 254 4104 C.
271 4048 298 4106 J.
313 4043 403 4119 Vici,
419 4065 486 4124 cap.
501 4009 599 4122 axin,
615 4052 646 4124 p‘.
664 4033 732 4106 lib'.

173 4135 202 4195 a.
224 4132 297 4194 rin
312 4143 343 4214 p:
361 4135 473 4196 num
