2866 5056
552 344 726 434 ..μ

8 481 10 492 ’
136 462 422 582 scutracmtione
438 494 514 602 ejus
532 494 672 571 assidua
682 495 868 574 manifeste
879 521 944 596 per
958 497 1141 584 utilimum

135 611 354 689 indiciorum
369 635 501 710 genera
515 627 685 712 appareat
700 638 778 704 cur,
797 613 984 712 quom'odo
1002 629 1037 690 et
1054 641 1142 714 qua·

8 744 10 822 2
136 737 241 798 tenus
263 725 374 822 magis
397 748 440 798 ac
463 725 588 820 magis,
616 723 662 800 ab
687 724 904 824 incorruptae
927 727 1142 825 eloquentiae

135 837 360 936 temporibus
380 837 428 910 ad
446 836 599 910 Victoris
625 851 782 928 etatem,
808 853 993 912 oratorum
1018 839 1141 916 rheto-

136 975 290 1052 rumque
306 951 449 1048 ingenia
465 965 501 1022 et
516 948 633 1025 studia
650 951 687 1024 in
704 949 808 1048 pejus
819 964 957 1024 mutata
974 950 1142 1028 decreve-

135 1063 221 1156 rint,
236 1063 468 1160 nonindigna
480 1077 532 1134 est
546 1062 654 1160 hujus
664 1062 866 1155 Rhetorica,
879 1063 1143 1161 quantulicum-

137 1201 209 1282 que
239 1177 318 1274 ipsa
342 1201 407 1274 per
431 1201 468 1248 se
491 1174 597 1274 pretii
625 1171 706 1264 frat,
738 1173 776 1244 in
807 1197 915 1272 quam
947 1176 1049 1258 omni
1075 1201 1145 1276 ope

137 1289 301 1365 curiosus
318 1287 548 1386 antiquorum
566 1285 755 1384 indagator
772 1287 969 1365 incumbat.

186 1404 290 1472 Nunc
308 1423 423 1504 pauca
447 1399 524 1470 haec
540 1399 797 1496 praemonuisse
821 1411 1013 1475 comentur
1033 1423 1145 1498 quare

138 1512 365 1623 propositum
382 1510 546 1584 laborem
562 1510 716 1586 libenter
728 1537 808 1604 nec,
826 1525 867 1586 ut
880 1536 1003 1608 spero,
1017 1512 1146 1591 frustra

138 1625 369 1724 susceperim,
391 1625 523 1698 omissa
539 1624 642 1698 omni
657 1648 780 1698 rerum
791 1623 1058 1722 verborumque
1072 1650 1145 1700 am-

138 1735 240 1836 bage,
259 1752 354 1812 recta
370 1736 416 1812 ad
434 1750 620 1814 auctorem
637 1736 723 1810 editi
739 1761 762 1812 a
777 1737 870 1810 Maio
891 1737 937 1810 de
954 1737 1146 1814 Rhetorica

141 1854 221 1931 arte
238 1851 359 1952 operis
372 1874 413 1926 ac
427 1849 512 1924 dein
525 1849 572 1924 ad
587 1849 707 1950 ipsum
724 1873 818 1948 opus
834 1871 994 1948 pergam.

565 2095 726 2126 ..ῃ-ι-

385 2279 409 2364 S
422 2285 450 2342 3.
467 2285 511 2342 De
524 2284 557 2346 C.
572 2285 589 2342 J
591 2281 650 2342 ulio
663 2281 778 2342 Victore
792 2299 894 2362 pauca.

188 2477 242 2545 De
257 2471 411 2544 Victoris
428 2488 548 2544 autem
564 2471 692 2570 petria,
706 2485 821 2562 aetate,
837 2471 921 2561 vita,
941 2470 1030 2542 nibil
1050 2472 1146 2546 uliud

142 2585 272 2678 baben,
302 2609 343 2657 re
377 2609 486 2682 quarn
520 2583 787 2682 diligentissime
820 2583 922 2682 potui
949 2583 1143 2691 explorata,

143 2714 382 2798 compertum,
411 2723 520 2796 quarn
544 2721 623 2794 quae
647 2696 751 2768 solita
775 2697 988 2794 perspicacis
1015 2701 1148 2794 ingenii

142 2812 330 2909 sagacitate
344 2836 429 2884 usus
442 2809 645 2885 verisimilia
657 2835 734 2880 esse
748 2808 899 2904 Angelus
913 2810 1025 2880 Maius
1038 2815 1046 2848 ¹
1058 2836 1146 2882 con·

139 2924 235 3021 jecit.
259 2929 382 3022 ltaque
397 2923 551 2994 Victoris
569 2922 735 3021 patriam,
757 2945 831 2991 non
849 2920 968 3013 nimis,
988 2936 1026 2991 ut
1044 2922 1148 3023 equi-

143 3035 226 3109 dem
243 3035 366 3129 ored0,
386 3034 554 3108 audacter
565 3033 775 3126 hariolatuS,
790 3031 941 3104 Gallium
959 3032 1064 3106 luisse
1077 3059 1149 3106 sus-

142 3149 301 3248 picatum
315 3149 352 3220 in
369 3172 441 3246 qna
453 3147 529 3244 jam
544 3145 630 3221 inde
649 3145 694 3218 ab
713 3147 859 3243 Augusti
876 3145 1099 3249 temporibus
1114 3162 1149 3219 et

143 3277 248 3334 antea
266 3261 374 3337 etiam
392 3283 506 3358 usque
523 3258 571 3331 ad
588 3274 765 3354 extremos
788 3259 899 3358 ipsius
917 3259 1059 3356 imperii
1076 3263 1148 3331 Ro-

144 3375 243 3448 mani
260 3397 390 3464 annos,
410 3385 464 3444 tot
480 3383 665 3443 oratorum
682 3385 717 3442 et
735 3370 879 3442 dicendi
898 3371 1149 3467 magistrorum

146 3512 288 3587 genera,
308 3488 496 3577 Cicerone,
522 3486 658 3556 &neca
674 3498 788 3582 patre,
808 3483 1041 3569 Quintiliano,
1062 3487 1149 3556 Sue-

146 3603 247 3676 tonio
259 3606 283 3693 ¹,
302 3605 347 3690 Q.
368 3599 510 3673 Aurelio
527 3596 757 3696 Symmacho,
778 3597 948 3688 Ausonio,
965 3597 1048 3668 diro
1066 3596 1153 3672 Hie·

147 3739 301 3814 ronymo
318 3717 341 3806 ⁸,
355 3712 674 3814 compluribusque
688 3711 764 3784 aliis
777 3709 936 3802 testibus,
956 3711 1048 3784 inter
1061 3735 1152 3810 qnos

188 3929 218 3986 l.
240 3924 298 3987 Adi
311 3923 433 4000 Maium,
448 3927 486 3984 de
499 3929 528 3985 V
526 3930 621 3985 icteris
637 3924 797 4000 Rhetorica,
817 3941 1007 3981 exuere-uxr.

187 4022 218 4079 Ξ.
240 4025 286 4079 De
301 4025 441 4098 Gramm.,
459 4042 525 4106 cap.
542 4043 590 4083 111.

189 4118 220 4175 3.
241 4120 298 4198 Ep.
310 4137 347 4177 111
357 4129 386 4177 et
394 4115 472 4178 alibi.
521 4143 524 4152 ·
