2866 5056
549 384 746 456 „49-

146 533 242 608 citur
266 533 329 632 qui
352 557 465 632 usque
491 530 581 606 adeo
611 532 697 606 artis
725 555 800 604 suae
827 553 950 606 amors
976 531 1092 608 nimio
1112 549 1151 612 et

144 648 270 740 nimia,
289 663 330 721 ut
341 648 452 720 libere
468 647 599 740 dicam,
612 645 808 720 verborum
818 646 1151 746 sententiarumque

144 762 372 838 affectatione
387 775 531 834 evectus
543 773 609 850 est,
624 774 665 832 ut
681 783 804 832 revere
818 759 1054 856 disquisirerit
1068 759 1151 834 rire·

144 875 259 947 torica
286 900 344 948 ars
367 876 482 948 virtus
510 897 626 946 necne
650 875 786 962 esset¹;
815 873 914 944 illinc
938 887 1077 964 autern,
1106 897 1150 948 ex

88 991 92 996 ’
145 989 352 1062 Aristotele¹
362 988 530 1060 videlicet
546 1000 585 1058 et
595 989 817 1081 Hermagora
832 984 1052 1075 arrctoribus,
1065 1009 1150 1060 cum

144 1101 297 1189 ratione,
315 1115 351 1174 et
367 1125 410 1172 ea
426 1097 572 1198 quidem
588 1099 784 1190 verissima,
802 1096 997 1186 comensit,
1010 1119 1083 1194 qua
1097 1123 1152 1172 re

143 1215 325 1287 centiores
349 1213 516 1286 homines
541 1237 616 1284 non
644 1211 743 1284 aliod
770 1209 974 1282 rhetoricen
995 1233 1073 1282 esse
1098 1233 1154 1284 an·

142 1325 345 1420 bitrautur,
377 1351 486 1425 quam
519 1351 562 1401 ex
591 1325 809 1424 quibusdam
841 1323 1153 1402 obmnionihm

144 1439 304 1512 collectis
325 1455 362 1512 et
385 1439 654 1540 comprehensis
690 1437 917 1535 disciplinam
956 1437 1169 1535 quemdem.

145 1552 290 1626 dicendi
305 1569 441 1628 natam.
467 1553 645 1652 Equidem
669 1552 789 1626 dedita
807 1575 918 1651 opera
931 1552 971 1623 in
985 1552 1047 1624 illo
1066 1553 1169 1624 Vin»-

144 1667 234 1738 toris
260 1668 400 1763 ecloges
422 1667 524 1739 initio
554 1667 601 1740 ab
632 1669 860 1762 Hermagorae
882 1666 968 1764 ipsis
992 1665 1171 1738 fontibus-

145 1777 256 1852 ducto
272 1779 413 1873 inhaesi,
437 1781 538 1879 quod
555 1780 641 1853 inde
657 1780 732 1878 jam
750 1779 922 1878 suspicari
945 1777 1028 1852 licet
1043 1803 1153 1877 quam

143 1889 281 1990 ubique
301 1894 339 1964 in
356 1895 459 1966 omui
473 1893 681 1993 compendii
697 1893 791 1966 illius
805 1917 934 1984 cursu,
955 1894 1019 1990 qni
1032 1892 1080 1966 ad
1095 1894 1168 1966 in·=·

145 2005 354 2078 sensionem
383 2020 419 2079 ct
440 2007 714 2105 dispositionem
735 2007 873 2099 attinet,
901 2005 1088 2102 judicandi
1116 2023 1152 2082 et

143 2116 375 2214 praecipiendi
392 2120 570 2192 rationem
587 2135 710 2191 noster
726 2132 977 2218 persecuturos
989 2120 1045 2192 sit.
1066 2125 1171 2194 Nus·-
1276 2181 1282 2192 .

145 2251 257 2324 quam
279 2231 374 2301 euim
398 2231 461 2323 ibi,
489 2233 598 2304 etiarn
616 2257 732 2330 quum
747 2233 901 2332 plurima
921 2257 964 2304 en
984 2233 1100 2306 Tullio
1116 2248 1162 2307 en

144 2339 255 2412 Fabio
272 2341 462 2442 decerpet,
494 2359 557 2418 out
576 2345 669 2418 illius
686 2347 813 2418 miram
831 2345 1032 2420 ubertatem
1048 2363 1085 2419 et
1100 2348 1152 2422 fe-

145 2453 355 2527 cundissimi
388 2457 554 2528 omnium
593 2459 729 2555 ingenii
762 2461 937 2559 impetum
969 2477 1005 2534 et
1037 2462 1152 2560 plenis

145 2567 257 2640 veluti
280 2569 368 2667 ripis
392 2570 529 2642 flumen
544 2571 757 2669 eloquentiae
773 2573 815 2644 in
829 2571 1034 2671 eloquentia
1047 2599 1151 2650 enar·

145 2680 260 2753 randa
291 2682 489 2777 exundans,
527 2698 590 2756 aut
621 2682 730 2780 hujus
754 2685 944 2781 judicium,
981 2711 1148 2781 acumen,

146 2796 309 2892 copiam,
350 2811 386 2868 et
419 2795 596 2870 eruditam
630 2799 768 2893 singula
795 2814 960 2870 accurate
983 2814 1020 2871 et
1050 2823 1151 2872 com·
1264 2849 1267 2856 -

144 2910 307 3005 ponendi
335 2924 371 2983 et
400 2911 581 2983 scribendi
608 2909 822 3006 elegantiam
847 2911 1058 3004 mirabitur,
1087 2915 1151 2988 sed

144 3018 335 3094 subtilibus
359 3038 396 3096 et
420 3023 593 3097 brevibus
614 3038 650 3096 et
674 3021 886 3123 plerumque
909 3025 1041 3122 iejunis
1061 3031 1170 3120 ilem

144 3155 301 3230 magorae
330 3136 442 3208 modo
473 3139 631 3210 tractatis
670 3137 971 3237 disputationibus
1012 3154 1145 3222 utetur.

145 3249 329 3345 Nusquam
343 3249 583 3342 obliviscetur,
602 3275 722 3349 neque
738 3251 834 3325 alind
853 3277 897 3325 se·
908 3255 945 3324 in
963 3252 1149 3328 rhetoricis

146 3358 192 3432 de
207 3361 415 3436 inventione
432 3379 468 3435 et
486 3362 720 3461 dispositione
742 3369 930 3466 praeceptis
947 3367 1145 3464 inquirere,

144 3472 213 3544 nisi
238 3475 339 3572 quod
370 3489 470 3548 recto
503 3476 630 3548 itinere
655 3477 702 3549 ad
730 3477 909 3574 agendum
934 3480 1082 3551 muetos
1109 3479 1148 3552 in

146 3583 308 3658 civilibus
323 3589 474 3684 negotiis
485 3613 622 3679 causas,
633 3605 695 3664 aut
704 3590 751 3663 ad
760 3590 978 3664 versandum
991 3591 1028 3662 in
1045 3615 1147 3665 com·

145 3697 463 3776 munishominum
474 3706 554 3777 vitae
565 3706 826 3780 consuetudine
837 3705 1013 3807 proficiat,
1030 3731 1148 3805 neque

146 3834 183 3884 se
200 3813 297 3888 aliud
314 3831 397 3890 ante
420 3818 561 3914 oculos,
580 3819 759 3920 hocopus
782 3820 870 3894 hinc
887 3820 987 3894 illinc
1007 3820 1146 3920 compi·

185 4090 215 4147 l.
237 4087 433 4166 Quintil.,11,
448 4093 497 4152 20.

186 4179 216 4235 2.
238 4179 358 4239 Aristot.
373 4181 501 4255 Meton,
515 4177 566 4240 lib.
579 4179 605 4253 l,
620 4195 685 4260 ep.
700 4197 723 4238 ι.
