2866 5056
678 373 875 447 ..30-

272 531 386 604 artatis
401 553 474 627 qua
490 527 578 600 vixit
598 540 784 600 oratorum
807 525 960 598 virtutes
972 537 1009 596 et
1029 523 1115 598 vitit
1132 521 1279 622 dignos·

269 657 412 718 eantur.

321 752 639 844 Quemadmodum
661 751 758 824 enirn
779 752 899 852 operis
923 747 1032 848 hujus
1053 747 1163 823 dictio
1187 749 1279 824 nihil

271 869 478 969 proprium,
507 866 596 938 nihil
627 867 784 964 insigne,
814 863 906 938 nihil
938 861 1147 936 distinctum
1167 863 1279 938 habet

271 1009 399 1084 prope,
419 981 516 1056 unde
535 985 691 1082 genuina
704 981 870 1082 quaedam
885 980 983 1080 apud
991 980 1175 1053 Victorem
1190 983 1277 1054 seti-

270 1097 383 1170 bendi
397 1099 487 1170 ratio
505 1112 540 1170 et
554 1122 638 1170 vera
654 1096 816 1194 ejusdem
833 1109 915 1166 aetas
929 1119 971 1166 ex
986 1093 1098 1192 ipsius
1110 1119 1277 1168 sermone

270 1210 507 1301 discernatur,
531 1210 656 1280 itidem
674 1209 785 1280 lerme
800 1207 889 1280 nihil
905 1229 1058 1306 usquam
1074 1207 1112 1279 in
1133 1207 1277 1282 rhetore

270 1339 397 1396 nostro
426 1322 697 1422 deprehendas,
725 1345 800 1419 quo
826 1320 934 1417 hujus
963 1335 1170 1420 temporum
1201 1321 1276 1394 elo-

271 1436 426 1534 quentiae
449 1458 597 1506 succum
617 1433 811 1532 quemdam
833 1446 870 1504 et
895 1433 1094 1505 naturalem
1110 1457 1276 1532 saporem

270 1548 429 1646 reperias
445 1560 481 1619 et
497 1544 770 1644 quodammodo
784 1545 956 1617 odoratus
972 1569 1200 1644 persequare.

320 1665 493 1730 Praeterea
506 1683 684 1756 nusquam
701 1659 774 1732 fere
790 1683 831 1730 ea
849 1657 1006 1731 breviter
1017 1673 1276 1731 commemorat

271 1796 350 1872 quae
372 1777 570 1845 Romanam
592 1772 835 1870 eloquentiam
863 1772 910 1843 ab
934 1773 1045 1844 Attica
1069 1772 1272 1868 sejungunt.

270 1890 395 1984 ltaque
417 1911 460 1957 eo
481 1884 564 1956 loeo
581 1909 654 1982 quo
678 1886 873 1984 epilogum,
896 1886 1096 1984 epriorum
1110 1885 1274 1958 omniurn

269 1998 456 2071 rhetorum
470 2023 662 2090 consensu,
682 2000 719 2070 in
738 2014 808 2071 tres
821 2013 938 2098 partes
954 1998 1118 2088 dividit¹,
1131 2021 1275 2072 enume-

269 2114 464 2203 rationem,
505 2113 806 2210 indignationem,
842 2113 1160 2210 conquestionem,
1199 2137 1273 2188 non

269 2226 531 2314 Quintilianum
542 2230 553 2264 ¹
566 2225 726 2322 sequitur
742 2240 838 2298 recte
854 2225 1111 2298 admonentem
1127 2227 1275 2300 allectus

268 2339 305 2409 in
323 2334 465 2437 epilogo
484 2338 530 2410 ab
550 2340 669 2409 Atticis
691 2340 869 2438 plerisque
883 2364 979 2433 esse,
1003 2356 1149 2440 propter
1171 2342 1275 2414 Athe·

268 2451 447 2522 niensium
464 2450 558 2546 leges
576 2465 612 2521 et
629 2450 865 2549 disciplinam,
885 2452 1077 2547 neglectos.

318 2562 564 2656 Nonlongius,
576 2585 687 2659 quarn
699 2563 787 2633 mihi
799 2577 973 2635 statutum
981 2579 1050 2658 est,
1067 2553 1104 2636 in
1113 2567 1157 2637 iis
1167 2566 1275 2637 inhae-

268 2674 357 2747 reho
371 2699 450 2772 quae
461 2689 677 2772 sequuntur,
694 2689 729 2746 et
743 2699 898 2773 quorum
915 2679 1116 2750 necessario
1129 2679 1275 2751 inchoa·

267 2804 341 2862 tam
357 2804 496 2888 partem
513 2789 558 2861 de
582 2789 799 2880 elocutione,
818 2791 864 2863 de
881 2791 1076 2864 verborum
1098 2795 1271 2884 numeris,

269 2919 304 2975 et
325 2904 370 2975 de
387 2903 588 2974 dictionum
611 2905 938 3001 sententiarumque
957 2905 1095 2998 formis,
1123 2906 1273 2978 confuso

269 3017 428 3116 quodam
441 3016 622 3087 brevitatis
633 3018 753 3087 nimiae
761 3041 891 3088 acervo
901 3020 1105 3116 congessit³.
1119 3018 1188 3090 Sed
1200 3043 1275 3112 non

269 3152 418 3228 possum
437 3129 522 3226 quin
543 3128 653 3226 paulo
670 3128 804 3201 diutius
820 3155 860 3204 ea
877 3131 1122 3222 considerem,
1143 3132 1275 3229 quaein

268 3241 429 3312 secundo
447 3254 482 3311 et
501 3241 668 3312 vicesimo
687 3243 806 3340 operis
822 3244 949 3344 capite,
974 3243 1041 3316 suh
1056 3245 1194 3316 incerto
1212 3243 1275 3316 illo

271 3353 499 3450 Obliquitatis
515 3354 641 3449 titulo,
660 3356 698 3426 in
715 3356 931 3453 indigestum
951 3357 1137 3430 cumulum
1154 3381 1276 3430 rerum

270 3480 485 3564 congregata
506 3480 645 3540 suntet
666 3469 870 3567 compilata.
896 3470 984 3558 Quis
1006 3471 1120 3561 enim,
1138 3470 1209 3542 nisi
1224 3470 1276 3542 in·

269 3593 366 3652 tente
382 3579 521 3675 legerit,
542 3580 610 3652 sibi
631 3580 764 3677 fingere
778 3585 902 3656 animo
917 3582 1044 3681 possit,
1060 3607 1136 3656 uuo
1151 3581 1215 3654 illo
1231 3571 1286 3654 ti-'

270 3692 347 3764 tulo
362 3691 588 3792 Obliqut'tatir
603 3695 751 3769 collecta
768 3697 890 3770 omnia
902 3695 979 3769 haec
995 3696 1184 3796 significari
1196 3721 1276 3798 quae

311 3970 340 4024 l.
363 3968 395 4025 C.
412 3969 439 4026 J.
455 3965 541 4036 vicu,
556 3985 620 4046 cap.
636 3987 721 4026 mu.

311 4060 339 4114 2.
363 4055 498 4129 Quintil,
513 4060 566 4127 VI,
584 4060 618 4129 l,
634 4063 663 4120 t.

312 4149 341 4208 3.
364 4149 396 4207 C.
413 4149 440 4208 J.
456 4145 544 4220 Vico,
560 4165 624 4225 cap.
641 4167 759 4204 xx·xx1.

1419 491 1423 640 t
