<?xml version="1.0" encoding="UTF-8"?>
<!DOCTYPE html PUBLIC "-//W3C//DTD XHTML 1.0 Transitional//EN"
    "http://www.w3.org/TR/xhtml1/DTD/xhtml1-transitional.dtd">
<html xmlns="http://www.w3.org/1999/xhtml" xml:lang="en" lang="en">
 <head>
  <title>
</title>
<meta http-equiv="Content-Type" content="text/html;charset=utf-8" />
  <meta name='ocr-system' content='tesseract 3.04.00' />
  <meta name='ocr-capabilities' content='ocr_page ocr_carea ocr_par ocr_line ocrx_word'/>
</head>
<body>
  <div class='ocr_page' id='page_1' title='image "./decaiijuliivict00victgoog_0081.png"; bbox 0 0 2866 5056; ppageno 0'>
   <div class='ocr_carea' id='block_1_1' title="bbox 719 381 918 456">
    <p class='ocr_par' dir='ltr' id='par_1_1' title="bbox 719 381 918 456">
     <span class='ocr_line' id='line_1_1' title="bbox 719 381 918 456; baseline 0 -18"><span class='ocrx_word' id='word_1_1' title='bbox 719 381 844 456; x_wconf 71' lang='lat'><strong>...68</strong></span> <span class='ocrx_word' id='word_1_2' title='bbox 868 421 918 438; x_wconf 87' lang='grc'><strong>.-</strong></span> 
     </span>
    </p>
   </div>
   <div class='ocr_carea' id='block_1_2' title="bbox 316 529 1418 1762">
    <p class='ocr_par' dir='ltr' id='par_1_2' title="bbox 318 529 1418 1199">
     <span class='ocr_line' id='line_1_2' title="bbox 321 529 1317 631; baseline -0.005 -20"><span class='ocrx_word' id='word_1_3' title='bbox 321 551 356 611; x_wconf 88' lang='lat' dir='ltr'><strong>et</strong></span> <span class='ocrx_word' id='word_1_4' title='bbox 369 531 600 610; x_wconf 85' lang='lat' dir='ltr'><strong>deliberativo</strong></span> <span class='ocrx_word' id='word_1_5' title='bbox 613 545 649 604; x_wconf 91' lang='lat' dir='ltr'><strong>et</strong></span> <span class='ocrx_word' id='word_1_6' title='bbox 666 531 862 631; x_wconf 68' lang='lat' dir='ltr'><strong>praesertim</strong></span> <span class='ocrx_word' id='word_1_7' title='bbox 877 529 1037 630; x_wconf 88' lang='lat' dir='ltr'><strong>judiciali</strong></span> <span class='ocrx_word' id='word_1_8' title='bbox 1049 553 1202 628; x_wconf 69' lang='lat' dir='ltr'><strong>genere,</strong></span> <span class='ocrx_word' id='word_1_9' title='bbox 1220 555 1317 629; x_wconf 84' lang='lat' dir='ltr'><strong>prae-</strong></span> 
     </span>
     <span class='ocr_line' id='line_1_3' title="bbox 319 644 1417 748; baseline -0.004 -25"><span class='ocrx_word' id='word_1_10' title='bbox 319 663 424 748; x_wconf 89' lang='lat' dir='ltr'><strong>cepta</strong></span> <span class='ocrx_word' id='word_1_11' title='bbox 442 645 712 746; x_wconf 85' lang='lat' dir='ltr'><strong>conscripsisse;</strong></span> <span class='ocrx_word' id='word_1_12' title='bbox 736 646 803 717; x_wconf 84' lang='lat' dir='ltr'><strong>vel.</strong></span> <span class='ocrx_word' id='word_1_13' title='bbox 817 645 917 744; x_wconf 92' lang='lat' dir='ltr'><strong>quod</strong></span> <span class='ocrx_word' id='word_1_14' title='bbox 939 669 981 718; x_wconf 85' lang='lat' dir='ltr'><strong>ea</strong></span> <span class='ocrx_word' id='word_1_15' title='bbox 1006 659 1148 718; x_wconf 89' lang='lat' dir='ltr'><strong>tantum</strong></span> <span class='ocrx_word' id='word_1_16' title='bbox 1168 644 1316 720; x_wconf 85' lang='lat' dir='ltr'><strong>artificio</strong></span> <span class='ocrx_word' id='word_1_17' title='bbox 1416 665 1417 682; x_wconf 60' lang='lat'><em>³</em></span> 
     </span>
     <span class='ocr_line' id='line_1_4' title="bbox 318 758 1317 861; baseline -0.001 -28"><span class='ocrx_word' id='word_1_18' title='bbox 318 760 480 861; x_wconf 87' lang='lat' dir='ltr'><strong>quodam</strong></span> <span class='ocrx_word' id='word_1_19' title='bbox 503 758 669 832; x_wconf 89' lang='lat' dir='ltr'><strong>illustrari</strong></span> <span class='ocrx_word' id='word_1_20' title='bbox 691 758 878 850; x_wconf 89' lang='lat' dir='ltr'><strong>volebant,</strong></span> <span class='ocrx_word' id='word_1_21' title='bbox 905 783 983 856; x_wconf 84' lang='lat' dir='ltr'><strong>quae</strong></span> <span class='ocrx_word' id='word_1_22' title='bbox 1015 758 1060 832; x_wconf 93' lang='lat' dir='ltr'><strong>ad</strong></span> <span class='ocrx_word' id='word_1_23' title='bbox 1087 782 1317 832; x_wconf 86' lang='lat' dir='ltr'><strong>communem</strong></span> 
     </span>
     <span class='ocr_line' id='line_1_5' title="bbox 319 870 1418 973; baseline 0.001 -28"><span class='ocrx_word' id='word_1_24' title='bbox 319 872 456 973; x_wconf 88' lang='lat' dir='ltr'><strong>publici</strong></span> <span class='ocrx_word' id='word_1_25' title='bbox 472 872 606 970; x_wconf 84' lang='lat' dir='ltr'><strong>eloquii</strong></span> <span class='ocrx_word' id='word_1_26' title='bbox 617 895 722 944; x_wconf 87' lang='lat' dir='ltr'><strong>usum</strong></span> <span class='ocrx_word' id='word_1_27' title='bbox 740 870 966 971; x_wconf 87' lang='lat' dir='ltr'><strong>prodessent,</strong></span> <span class='ocrx_word' id='word_1_28' title='bbox 980 872 1037 943; x_wconf 87' lang='lat' dir='ltr'><strong>vel</strong></span> <span class='ocrx_word' id='word_1_29' title='bbox 1052 871 1152 969; x_wconf 92' lang='lat' dir='ltr'><strong>quod</strong></span> <span class='ocrx_word' id='word_1_30' title='bbox 1162 896 1204 943; x_wconf 87' lang='lat' dir='ltr'><strong>ea</strong></span> <span class='ocrx_word' id='word_1_31' title='bbox 1220 871 1317 946; x_wconf 84' lang='lat' dir='ltr'><strong>tacite</strong></span> <span class='ocrx_word' id='word_1_32' title='bbox 1417 961 1418 968; x_wconf 6' lang='grc' dir='ltr'>ἵ</span> 
     </span>
     <span class='ocr_line' id='line_1_6' title="bbox 320 983 1317 1080; baseline 0 -24"><span class='ocrx_word' id='word_1_33' title='bbox 320 985 530 1058; x_wconf 87' lang='lat' dir='ltr'><strong>translatum</strong></span> <span class='ocrx_word' id='word_1_34' title='bbox 545 985 588 1056; x_wconf 91' lang='lat' dir='ltr'><strong>iri</strong></span> <span class='ocrx_word' id='word_1_35' title='bbox 601 983 647 1056; x_wconf 91' lang='lat' dir='ltr'><strong>ad</strong></span> <span class='ocrx_word' id='word_1_36' title='bbox 663 998 796 1058; x_wconf 88' lang='lat' dir='ltr'><strong>ceteras</strong></span> <span class='ocrx_word' id='word_1_37' title='bbox 813 1009 939 1058; x_wconf 88' lang='lat' dir='ltr'><strong>omnes</strong></span> <span class='ocrx_word' id='word_1_38' title='bbox 954 983 1120 1056; x_wconf 91' lang='lat' dir='ltr'><strong>dictionis</strong></span> <span class='ocrx_word' id='word_1_39' title='bbox 1133 983 1317 1080; x_wconf 86' lang='lat' dir='ltr'><strong>cujuslibet</strong></span> 
     </span>
     <span class='ocr_line' id='line_1_7' title="bbox 319 1096 1317 1199; baseline -0.002 -27"><span class='ocrx_word' id='word_1_40' title='bbox 319 1113 438 1199; x_wconf 88' lang='lat' dir='ltr'><strong>partes</strong></span> <span class='ocrx_word' id='word_1_41' title='bbox 453 1097 711 1172; x_wconf 76' lang='lat' dir='ltr'><strong>existimabant.</strong></span> <span class='ocrx_word' id='word_1_42' title='bbox 728 1102 774 1168; x_wconf 89' lang='lat' dir='ltr'><strong>Ut</strong></span> <span class='ocrx_word' id='word_1_43' title='bbox 783 1097 828 1170; x_wconf 89' lang='lat' dir='ltr'><strong>de</strong></span> <span class='ocrx_word' id='word_1_44' title='bbox 844 1121 1026 1187; x_wconf 85' lang='lat' dir='ltr'><strong>sermone,</strong></span> <span class='ocrx_word' id='word_1_45' title='bbox 1038 1098 1087 1170; x_wconf 89' lang='lat' dir='ltr'><strong>ita</strong></span> <span class='ocrx_word' id='word_1_46' title='bbox 1105 1096 1152 1170; x_wconf 92' lang='lat' dir='ltr'><strong>de</strong></span> <span class='ocrx_word' id='word_1_47' title='bbox 1163 1098 1317 1194; x_wconf 88' lang='lat' dir='ltr'><strong>epistolis</strong></span> 
     </span>
    </p>

    <p class='ocr_par' dir='ltr' id='par_1_3' title="bbox 316 1195 1418 1762">
     <span class='ocr_line' id='line_1_8' title="bbox 320 1195 1418 1310; baseline -0.002 -24"><span class='ocrx_word' id='word_1_48' title='bbox 320 1211 455 1310; x_wconf 88' lang='lat' dir='ltr'><strong>aliqua,</strong></span> <span class='ocrx_word' id='word_1_49' title='bbox 470 1210 640 1310; x_wconf 75' lang='lat' dir='ltr'>pauciora</span> <span class='ocrx_word' id='word_1_50' title='bbox 651 1208 751 1301; x_wconf 91' lang='lat' dir='ltr'><strong>licet,</strong></span> <span class='ocrx_word' id='word_1_51' title='bbox 763 1233 884 1308; x_wconf 88' lang='lat' dir='ltr'><strong>sparsa</strong></span> <span class='ocrx_word' id='word_1_52' title='bbox 899 1209 1056 1307; x_wconf 86' lang='lat' dir='ltr'><strong>recolligi</strong></span> <span class='ocrx_word' id='word_1_53' title='bbox 1072 1211 1110 1282; x_wconf 89' lang='lat' dir='ltr'><strong>in</strong></span> <span class='ocrx_word' id='word_1_54' title='bbox 1121 1209 1226 1282; x_wconf 89' lang='lat' dir='ltr'><strong>Tullii</strong></span> <span class='ocrx_word' id='word_1_55' title='bbox 1235 1236 1317 1310; x_wconf 88' lang='lat' dir='ltr'><strong>ope·</strong></span> <span class='ocrx_word' id='word_1_56' title='bbox 1417 1195 1418 1204; x_wconf 8' lang='grc' dir='ltr'>ἵ</span> 
     </span>
     <span class='ocr_line' id='line_1_9' title="bbox 320 1321 1317 1398; baseline -0.002 0"><span class='ocrx_word' id='word_1_57' title='bbox 320 1324 419 1398; x_wconf 89' lang='lat' dir='ltr'><strong>ribus</strong></span> <span class='ocrx_word' id='word_1_58' title='bbox 435 1322 533 1398; x_wconf 89' lang='lat' dir='ltr'><strong>haud</strong></span> <span class='ocrx_word' id='word_1_59' title='bbox 550 1321 704 1398; x_wconf 91' lang='lat' dir='ltr'><strong>arduum</strong></span> <span class='ocrx_word' id='word_1_60' title='bbox 715 1337 818 1396; x_wconf 87' lang='lat' dir='ltr'><strong>esset.</strong></span> <span class='ocrx_word' id='word_1_61' title='bbox 832 1327 921 1395; x_wconf 89' lang='lat' dir='ltr'><strong>Item</strong></span> <span class='ocrx_word' id='word_1_62' title='bbox 934 1323 973 1394; x_wconf 91' lang='lat' dir='ltr'><strong>in</strong></span> <span class='ocrx_word' id='word_1_63' title='bbox 990 1322 1090 1395; x_wconf 85' lang='lat' dir='ltr'><strong>Fabii</strong></span> <span class='ocrx_word' id='word_1_64' title='bbox 1100 1323 1317 1396; x_wconf 86' lang='lat' dir='ltr'><strong>institutione</strong></span> 
     </span>
     <span class='ocr_line' id='line_1_10' title="bbox 320 1436 1319 1536; baseline 0 -26"><span class='ocrx_word' id='word_1_65' title='bbox 320 1436 486 1536; x_wconf 82' lang='lat' dir='ltr'><strong>quaedam</strong></span> <span class='ocrx_word' id='word_1_66' title='bbox 502 1436 548 1509; x_wconf 89' lang='lat' dir='ltr'><strong>de</strong></span> <span class='ocrx_word' id='word_1_67' title='bbox 563 1449 713 1532; x_wconf 86' lang='lat' dir='ltr'><strong>utraque</strong></span> <span class='ocrx_word' id='word_1_68' title='bbox 725 1460 767 1508; x_wconf 87' lang='lat' dir='ltr'><strong>ea</strong></span> <span class='ocrx_word' id='word_1_69' title='bbox 784 1436 932 1508; x_wconf 91' lang='lat' dir='ltr'><strong>materia</strong></span> <span class='ocrx_word' id='word_1_70' title='bbox 946 1449 1072 1508; x_wconf 90' lang='lat' dir='ltr'><strong>notare</strong></span> <span class='ocrx_word' id='word_1_71' title='bbox 1091 1437 1221 1535; x_wconf 84' lang='lat' dir='ltr'><strong>possis,</strong></span> <span class='ocrx_word' id='word_1_72' title='bbox 1242 1463 1319 1534; x_wconf 82' lang='lat' dir='ltr'><strong>qua</strong></span> 
     </span>
     <span class='ocr_line' id='line_1_11' title="bbox 316 1549 1316 1649; baseline 0.001 -27"><span class='ocrx_word' id='word_1_73' title='bbox 316 1549 1316 1649; x_wconf 76' lang='lat' dir='ltr'><strong>auoloco,sicuriciceroniana,proferriuoninuriteerit.</strong></span> 
     </span>
     <span class='ocr_line' id='line_1_12' title="bbox 321 1661 1321 1762; baseline -0.001 -26"><span class='ocrx_word' id='word_1_74' title='bbox 321 1662 393 1736; x_wconf 87' lang='lat' dir='ltr'><strong>Sed</strong></span> <span class='ocrx_word' id='word_1_75' title='bbox 409 1677 602 1760; x_wconf 84' lang='lat' dir='ltr'><strong>antequam</strong></span> <span class='ocrx_word' id='word_1_76' title='bbox 617 1661 664 1734; x_wconf 93' lang='lat' dir='ltr'><strong>ad</strong></span> <span class='ocrx_word' id='word_1_77' title='bbox 679 1662 833 1734; x_wconf 88' lang='lat' dir='ltr'><strong>Victoris</strong></span> <span class='ocrx_word' id='word_1_78' title='bbox 850 1661 961 1760; x_wconf 88' lang='lat' dir='ltr'><strong>ipsius</strong></span> <span class='ocrx_word' id='word_1_79' title='bbox 980 1662 1054 1735; x_wconf 92' lang='lat' dir='ltr'><strong>duo</strong></span> <span class='ocrx_word' id='word_1_80' title='bbox 1072 1661 1197 1736; x_wconf 87' lang='lat' dir='ltr'><strong>ultima</strong></span> <span class='ocrx_word' id='word_1_81' title='bbox 1206 1663 1321 1762; x_wconf 89' lang='lat' dir='ltr'><strong>capita</strong></span> 
     </span>
    </p>
   </div>
   <div class='ocr_carea' id='block_1_3' title="bbox 321 1772 1418 1866">
    <p class='ocr_par' dir='ltr' id='par_1_4' title="bbox 321 1772 1418 1866">
     <span class='ocr_line' id='line_1_13' title="bbox 321 1772 1418 1866; baseline -0.004 -18"><span class='ocrx_word' id='word_1_82' title='bbox 321 1788 561 1866; x_wconf 86' lang='lat' dir='ltr'><strong>transeamus,</strong></span> <span class='ocrx_word' id='word_1_83' title='bbox 580 1772 802 1862; x_wconf 83' lang='lat' dir='ltr'><strong>Quintiliano</strong></span> <span class='ocrx_word' id='word_1_84' title='bbox 830 1788 975 1847; x_wconf 90' lang='lat' dir='ltr'><strong>auctore</strong></span> <span class='ocrx_word' id='word_1_85' title='bbox 997 1773 1321 1848; x_wconf 88' lang='lat' dir='ltr'><strong>animadvertamus</strong></span> <span class='ocrx_word' id='word_1_86' title='bbox 1417 1795 1418 1844; x_wconf 59' lang='lat' dir='ltr'><strong>t</strong></span> 
     </span>
    </p>
   </div>
   <div class='ocr_carea' id='block_1_4' title="bbox 321 1883 1321 3112">
    <p class='ocr_par' dir='ltr' id='par_1_5' title="bbox 321 1883 1321 3112">
     <span class='ocr_line' id='line_1_14' title="bbox 321 1883 1320 1986; baseline 0 -26"><span class='ocrx_word' id='word_1_87' title='bbox 321 1909 397 1960; x_wconf 91' lang='lat' dir='ltr'><strong>non</strong></span> <span class='ocrx_word' id='word_1_88' title='bbox 406 1911 483 1960; x_wconf 84' lang='lat' dir='ltr'><strong>esse</strong></span> <span class='ocrx_word' id='word_1_89' title='bbox 494 1885 747 1960; x_wconf 89' lang='lat' dir='ltr'><strong>admirandum</strong></span> <span class='ocrx_word' id='word_1_90' title='bbox 756 1883 856 1983; x_wconf 90' lang='lat' dir='ltr'><strong>quod</strong></span> <span class='ocrx_word' id='word_1_91' title='bbox 866 1910 886 1958; x_wconf 89' lang='lat' dir='ltr'><strong>e</strong></span> <span class='ocrx_word' id='word_1_92' title='bbox 896 1885 1113 1977; x_wconf 87' lang='lat' dir='ltr'><strong>rhetoribus,</strong></span> <span class='ocrx_word' id='word_1_93' title='bbox 1126 1887 1188 1985; x_wconf 89' lang='lat' dir='ltr'><strong>qui</strong></span> <span class='ocrx_word' id='word_1_94' title='bbox 1198 1902 1320 1986; x_wconf 89' lang='lat' dir='ltr'><strong>postea</strong></span> 
     </span>
     <span class='ocr_line' id='line_1_15' title="bbox 322 1996 1319 2096; baseline 0 -24"><span class='ocrx_word' id='word_1_95' title='bbox 322 2000 539 2092; x_wconf 77' lang='lat' dir='ltr'><strong>floruerunt,</strong></span> <span class='ocrx_word' id='word_1_96' title='bbox 558 2013 698 2072; x_wconf 89' lang='lat' dir='ltr'><strong>tantum</strong></span> <span class='ocrx_word' id='word_1_97' title='bbox 715 1997 889 2070; x_wconf 88' lang='lat' dir='ltr'><strong>momenti</strong></span> <span class='ocrx_word' id='word_1_98' title='bbox 905 2012 942 2069; x_wconf 90' lang='lat' dir='ltr'><strong>et</strong></span> <span class='ocrx_word' id='word_1_99' title='bbox 961 1996 1131 2096; x_wconf 87' lang='lat' dir='ltr'><strong>ponderis</strong></span> <span class='ocrx_word' id='word_1_100' title='bbox 1147 1998 1274 2072; x_wconf 88' lang='lat' dir='ltr'><strong>Victor.</strong></span> <span class='ocrx_word' id='word_1_101' title='bbox 1285 2001 1319 2072; x_wconf 93' lang='lat' dir='ltr'><strong>in</strong></span> 
     </span>
     <span class='ocr_line' id='line_1_16' title="bbox 322 2110 1319 2210; baseline -0.001 -24"><span class='ocrx_word' id='word_1_102' title='bbox 322 2113 619 2186; x_wconf 81' lang='lat' dir='ltr'><strong>sermocinatione</strong></span> <span class='ocrx_word' id='word_1_103' title='bbox 630 2110 801 2210; x_wconf 89' lang='lat' dir='ltr'><strong>posuerit.</strong></span> <span class='ocrx_word' id='word_1_104' title='bbox 814 2114 892 2182; x_wconf 86' lang='lat' dir='ltr'><strong>lam</strong></span> <span class='ocrx_word' id='word_1_105' title='bbox 907 2110 1004 2182; x_wconf 90' lang='lat' dir='ltr'><strong>enim</strong></span> <span class='ocrx_word' id='word_1_106' title='bbox 1013 2111 1224 2198; x_wconf 84' lang='lat' dir='ltr'><strong>Quintiliani</strong></span> <span class='ocrx_word' id='word_1_107' title='bbox 1235 2127 1319 2185; x_wconf 91' lang='lat' dir='ltr'><strong>tem·</strong></span> 
     </span>
     <span class='ocr_line' id='line_1_17' title="bbox 322 2223 1319 2326; baseline 0.002 -28"><span class='ocrx_word' id='word_1_108' title='bbox 322 2228 472 2326; x_wconf 89' lang='lat' dir='ltr'><strong>poribus</strong></span> <span class='ocrx_word' id='word_1_109' title='bbox 488 2224 652 2323; x_wconf 87' lang='lat' dir='ltr'><strong>quidam,</strong></span> <span class='ocrx_word' id='word_1_110' title='bbox 671 2240 710 2296; x_wconf 94' lang='lat' dir='ltr'><strong>ut</strong></span> <span class='ocrx_word' id='word_1_111' title='bbox 727 2236 873 2296; x_wconf 89' lang='lat' dir='ltr'><strong>testatur</strong></span> <span class='ocrx_word' id='word_1_112' title='bbox 889 2227 913 2318; x_wconf 88' lang='lat'><strong>¹,</strong></span> <span class='ocrx_word' id='word_1_113' title='bbox 931 2223 1067 2297; x_wconf 92' lang='lat' dir='ltr'><strong>nullam</strong></span> <span class='ocrx_word' id='word_1_114' title='bbox 1081 2251 1156 2298; x_wconf 87' lang='lat' dir='ltr'><strong>esse</strong></span> <span class='ocrx_word' id='word_1_115' title='bbox 1171 2241 1319 2300; x_wconf 90' lang='lat' dir='ltr'><strong>natura-</strong></span> 
     </span>
     <span class='ocr_line' id='line_1_18' title="bbox 322 2335 1318 2436; baseline 0.002 -26"><span class='ocrx_word' id='word_1_116' title='bbox 322 2338 394 2410; x_wconf 93' lang='lat' dir='ltr'><strong>lem</strong></span> <span class='ocrx_word' id='word_1_117' title='bbox 407 2336 581 2435; x_wconf 89' lang='lat' dir='ltr'><strong>putabant</strong></span> <span class='ocrx_word' id='word_1_118' title='bbox 594 2335 852 2432; x_wconf 83' lang='lat' dir='ltr'><strong>eloquentiam,</strong></span> <span class='ocrx_word' id='word_1_119' title='bbox 865 2367 882 2402; x_wconf 90' lang='lat'>«</span> <span class='ocrx_word' id='word_1_120' title='bbox 893 2336 961 2408; x_wconf 90' lang='lat' dir='ltr'><strong>nisi</strong></span> <span class='ocrx_word' id='word_1_121' title='bbox 970 2363 1049 2435; x_wconf 87' lang='lat' dir='ltr'><strong>quae</strong></span> <span class='ocrx_word' id='word_1_122' title='bbox 1059 2337 1103 2410; x_wconf 93' lang='lat' dir='ltr'><strong>sit</strong></span> <span class='ocrx_word' id='word_1_123' title='bbox 1111 2338 1318 2436; x_wconf 90' lang='lat' dir='ltr'><strong>quotidiano</strong></span> 
     </span>
     <span class='ocr_line' id='line_1_19' title="bbox 323 2447 1316 2550; baseline 0.003 -28"><span class='ocrx_word' id='word_1_124' title='bbox 323 2448 482 2522; x_wconf 88' lang='lat' dir='ltr'><strong>sermoni</strong></span> <span class='ocrx_word' id='word_1_125' title='bbox 505 2447 701 2538; x_wconf 87' lang='lat' dir='ltr'><strong>simillima,</strong></span> <span class='ocrx_word' id='word_1_126' title='bbox 725 2473 799 2547; x_wconf 91' lang='lat' dir='ltr'><strong>quo</strong></span> <span class='ocrx_word' id='word_1_127' title='bbox 825 2475 908 2522; x_wconf 92' lang='lat' dir='ltr'><strong>cum</strong></span> <span class='ocrx_word' id='word_1_128' title='bbox 928 2452 1067 2544; x_wconf 90' lang='lat' dir='ltr'><strong>amicis,</strong></span> <span class='ocrx_word' id='word_1_129' title='bbox 1087 2452 1316 2550; x_wconf 86' lang='lat' dir='ltr'><strong>conjugibus,</strong></span> 
     </span>
     <span class='ocr_line' id='line_1_20' title="bbox 322 2559 1321 2664; baseline 0.004 -30"><span class='ocrx_word' id='word_1_130' title='bbox 322 2559 461 2652; x_wconf 84' lang='lat' dir='ltr'><strong>liberis,</strong></span> <span class='ocrx_word' id='word_1_131' title='bbox 485 2562 594 2635; x_wconf 89' lang='lat' dir='ltr'><strong>servis</strong></span> <span class='ocrx_word' id='word_1_132' title='bbox 613 2561 816 2658; x_wconf 85' lang='lat' dir='ltr'><strong>loquamur,</strong></span> <span class='ocrx_word' id='word_1_133' title='bbox 837 2577 1006 2636; x_wconf 85' lang='lat' dir='ltr'><strong>contento</strong></span> <span class='ocrx_word' id='word_1_134' title='bbox 1029 2590 1195 2664; x_wconf 85' lang='lat' dir='ltr'><strong>promere</strong></span> <span class='ocrx_word' id='word_1_135' title='bbox 1213 2567 1321 2638; x_wconf 90' lang='lat' dir='ltr'><strong>animi</strong></span> 
     </span>
     <span class='ocr_line' id='line_1_21' title="bbox 322 2673 1320 2779; baseline 0.005 -32"><span class='ocrx_word' id='word_1_136' title='bbox 322 2673 563 2766; x_wconf 88' lang='lat' dir='ltr'><strong>voluntatem,</strong></span> <span class='ocrx_word' id='word_1_137' title='bbox 581 2673 743 2773; x_wconf 87' lang='lat' dir='ltr'><strong>nihilque</strong></span> <span class='ocrx_word' id='word_1_138' title='bbox 764 2675 919 2750; x_wconf 90' lang='lat' dir='ltr'><strong>arcessiti</strong></span> <span class='ocrx_word' id='word_1_139' title='bbox 945 2691 980 2749; x_wconf 90' lang='lat' dir='ltr'><strong>et</strong></span> <span class='ocrx_word' id='word_1_140' title='bbox 1003 2677 1175 2752; x_wconf 87' lang='lat' dir='ltr'><strong>elaborati</strong></span> <span class='ocrx_word' id='word_1_141' title='bbox 1197 2679 1320 2779; x_wconf 93' lang='lat' dir='ltr'><strong>requi-</strong></span> 
     </span>
     <span class='ocr_line' id='line_1_22' title="bbox 322 2787 1319 2888; baseline 0.003 -27"><span class='ocrx_word' id='word_1_142' title='bbox 322 2802 441 2881; x_wconf 80' lang='lat' dir='ltr'><strong>rentc3</strong></span> <span class='ocrx_word' id='word_1_143' title='bbox 453 2789 626 2888; x_wconf 91' lang='lat' dir='ltr'><strong>quicquid</strong></span> <span class='ocrx_word' id='word_1_144' title='bbox 636 2787 708 2860; x_wconf 90' lang='lat' dir='ltr'><strong>huc</strong></span> <span class='ocrx_word' id='word_1_145' title='bbox 721 2787 765 2861; x_wconf 92' lang='lat' dir='ltr'><strong>sit</strong></span> <span class='ocrx_word' id='word_1_146' title='bbox 774 2788 969 2886; x_wconf 89' lang='lat' dir='ltr'><strong>adjectum,</strong></span> <span class='ocrx_word' id='word_1_147' title='bbox 989 2789 1027 2863; x_wconf 94' lang='lat' dir='ltr'><strong>id</strong></span> <span class='ocrx_word' id='word_1_148' title='bbox 1038 2816 1114 2864; x_wconf 90' lang='lat' dir='ltr'><strong>esse</strong></span> <span class='ocrx_word' id='word_1_149' title='bbox 1127 2790 1319 2864; x_wconf 78' lang='lat' dir='ltr'><strong>affectatio-</strong></span> 
     </span>
     <span class='ocr_line' id='line_1_23' title="bbox 323 2902 1321 3000; baseline 0.002 -24"><span class='ocrx_word' id='word_1_150' title='bbox 323 2904 396 2994; x_wconf 91' lang='lat' dir='ltr'><strong>nis,</strong></span> <span class='ocrx_word' id='word_1_151' title='bbox 417 2917 453 2975; x_wconf 90' lang='lat' dir='ltr'><strong>et</strong></span> <span class='ocrx_word' id='word_1_152' title='bbox 468 2902 664 2975; x_wconf 84' lang='lat' dir='ltr'><strong>ambitiosae</strong></span> <span class='ocrx_word' id='word_1_153' title='bbox 680 2903 717 2974; x_wconf 92' lang='lat' dir='ltr'><strong>in</strong></span> <span class='ocrx_word' id='word_1_154' title='bbox 733 2902 916 3000; x_wconf 93' lang='lat' dir='ltr'><strong>loquendo</strong></span> <span class='ocrx_word' id='word_1_155' title='bbox 929 2903 1125 3000; x_wconf 80' lang='lat' dir='ltr'><strong>jactantiae,</strong></span> <span class='ocrx_word' id='word_1_156' title='bbox 1145 2921 1321 2978; x_wconf 91' lang='lat' dir='ltr'><strong>remotum</strong></span> 
     </span>
     <span class='ocr_line' id='line_1_24' title="bbox 324 3011 1319 3112; baseline 0.003 -26"><span class='ocrx_word' id='word_1_157' title='bbox 324 3037 346 3086; x_wconf 89' lang='lat' dir='ltr'><strong>a</strong></span> <span class='ocrx_word' id='word_1_158' title='bbox 370 3013 532 3102; x_wconf 85' lang='lat' dir='ltr'><strong>veritate,</strong></span> <span class='ocrx_word' id='word_1_159' title='bbox 560 3011 756 3110; x_wconf 87' lang='lat' dir='ltr'><strong>fictumque</strong></span> <span class='ocrx_word' id='word_1_160' title='bbox 782 3013 945 3111; x_wconf 91' lang='lat' dir='ltr'><strong>ipsorum</strong></span> <span class='ocrx_word' id='word_1_161' title='bbox 973 3016 1084 3112; x_wconf 85' lang='lat' dir='ltr'><strong>gratia</strong></span> <span class='ocrx_word' id='word_1_162' title='bbox 1107 3013 1319 3108; x_wconf 86' lang='lat' dir='ltr'><strong>verborum,</strong></span> 
     </span>
    </p>
   </div>
   <div class='ocr_carea' id='block_1_5' title="bbox 324 3115 1416 3906">
    <p class='ocr_par' dir='ltr' id='par_1_6' title="bbox 324 3115 1416 3906">
     <span class='ocr_line' id='line_1_25' title="bbox 324 3115 1322 3222; baseline 0.009 -28"><span class='ocrx_word' id='word_1_163' title='bbox 324 3122 455 3222; x_wconf 91' lang='lat' dir='ltr'><strong>quibus</strong></span> <span class='ocrx_word' id='word_1_164' title='bbox 471 3123 589 3195; x_wconf 90' lang='lat' dir='ltr'><strong>solum</strong></span> <span class='ocrx_word' id='word_1_165' title='bbox 602 3115 730 3197; x_wconf 77' lang='lat' dir='ltr'><strong>natura</strong></span> <span class='ocrx_word' id='word_1_166' title='bbox 746 3125 790 3198; x_wconf 93' lang='lat' dir='ltr'><strong>sit</strong></span> <span class='ocrx_word' id='word_1_167' title='bbox 802 3125 961 3198; x_wconf 85' lang='lat' dir='ltr'><strong>cilicium</strong></span> <span class='ocrx_word' id='word_1_168' title='bbox 972 3126 1180 3201; x_wconf 90' lang='lat' dir='ltr'><strong>attributum</strong></span> <span class='ocrx_word' id='word_1_169' title='bbox 1196 3133 1322 3202; x_wconf 88' lang='lat' dir='ltr'><strong>servire</strong></span> 
     </span>
     <span class='ocr_line' id='line_1_26' title="bbox 325 3234 1321 3336; baseline 0.003 -27"><span class='ocrx_word' id='word_1_170' title='bbox 325 3234 497 3310; x_wconf 90' lang='lat' dir='ltr'><strong>sensibus.</strong></span> <span class='ocrx_word' id='word_1_171' title='bbox 522 3265 539 3304; x_wconf 72' lang='lat' dir='ltr'><strong>a</strong></span> <span class='ocrx_word' id='word_1_172' title='bbox 561 3239 640 3325; x_wconf 88' lang='lat' dir='ltr'><strong>Qua</strong></span> <span class='ocrx_word' id='word_1_173' title='bbox 656 3237 692 3308; x_wconf 92' lang='lat' dir='ltr'><strong>in</strong></span> <span class='ocrx_word' id='word_1_174' title='bbox 720 3235 978 3336; x_wconf 89' lang='lat' dir='ltr'><strong>disputatione,</strong></span> <span class='ocrx_word' id='word_1_175' title='bbox 997 3255 1037 3314; x_wconf 89' lang='lat' dir='ltr'><strong>ut</strong></span> <span class='ocrx_word' id='word_1_176' title='bbox 1058 3241 1226 3314; x_wconf 88' lang='lat' dir='ltr'><strong>nonnihil</strong></span> <span class='ocrx_word' id='word_1_177' title='bbox 1247 3242 1321 3315; x_wconf 88' lang='lat' dir='ltr'><strong>veri</strong></span> 
     </span>
     <span class='ocr_line' id='line_1_27' title="bbox 326 3346 1322 3454; baseline 0.005 -32"><span class='ocrx_word' id='word_1_178' title='bbox 326 3346 539 3422; x_wconf 85' lang='lat' dir='ltr'><strong>easeFabius</strong></span> <span class='ocrx_word' id='word_1_179' title='bbox 555 3349 720 3422; x_wconf 91' lang='lat' dir='ltr'><strong>concedit</strong></span> <span class='ocrx_word' id='word_1_180' title='bbox 730 3355 752 3444; x_wconf 79' lang='lat'><strong>¹,</strong></span> <span class='ocrx_word' id='word_1_181' title='bbox 772 3351 821 3424; x_wconf 88' lang='lat' dir='ltr'><strong>ita</strong></span> <span class='ocrx_word' id='word_1_182' title='bbox 838 3351 887 3424; x_wconf 92' lang='lat' dir='ltr'><strong>illi</strong></span> <span class='ocrx_word' id='word_1_183' title='bbox 904 3354 1031 3427; x_wconf 85' lang='lat' dir='ltr'><strong>merito</strong></span> <span class='ocrx_word' id='word_1_184' title='bbox 1044 3385 1061 3421; x_wconf 73' lang='grc' dir='ltr'><strong>ι(</strong></span> <span class='ocrx_word' id='word_1_185' title='bbox 1073 3353 1179 3427; x_wconf 90' lang='lat' dir='ltr'><strong>aliam</strong></span> <span class='ocrx_word' id='word_1_186' title='bbox 1189 3377 1322 3454; x_wconf 91' lang='lat' dir='ltr'><strong>quam-</strong></span> 
     </span>
     <span class='ocr_line' id='line_1_28' title="bbox 325 3461 1322 3564; baseline 0.003 -28"><span class='ocrx_word' id='word_1_187' title='bbox 325 3461 410 3536; x_wconf 92' lang='lat' dir='ltr'><strong>dam</strong></span> <span class='ocrx_word' id='word_1_188' title='bbox 421 3461 562 3534; x_wconf 80' lang='lat' dir='ltr'><strong>videtur</strong></span> <span class='ocrx_word' id='word_1_189' title='bbox 577 3461 710 3536; x_wconf 88' lang='lat' dir='ltr'><strong>habere</strong></span> <span class='ocrx_word' id='word_1_190' title='bbox 723 3480 887 3537; x_wconf 89' lang='lat' dir='ltr'><strong>naturam</strong></span> <span class='ocrx_word' id='word_1_191' title='bbox 901 3490 1017 3538; x_wconf 89' lang='lat' dir='ltr'><strong>sermo</strong></span> <span class='ocrx_word' id='word_1_192' title='bbox 1030 3466 1202 3564; x_wconf 82' lang='lat' dir='ltr'><strong>vulgaris,</strong></span> <span class='ocrx_word' id='word_1_193' title='bbox 1219 3467 1322 3539; x_wconf 90' lang='lat' dir='ltr'><strong>aliam</strong></span> 
     </span>
     <span class='ocr_line' id='line_1_29' title="bbox 324 3573 1322 3677; baseline 0.004 -31"><span class='ocrx_word' id='word_1_194' title='bbox 324 3575 392 3646; x_wconf 89' lang='lat' dir='ltr'><strong>viri</strong></span> <span class='ocrx_word' id='word_1_195' title='bbox 408 3573 606 3672; x_wconf 89' lang='lat' dir='ltr'><strong>eloquentis</strong></span> <span class='ocrx_word' id='word_1_196' title='bbox 617 3577 746 3648; x_wconf 88' lang='lat' dir='ltr'><strong>oratio.</strong></span> <span class='ocrx_word' id='word_1_197' title='bbox 764 3604 782 3644; x_wconf 79' lang='lat' dir='ltr'><strong>a</strong></span> <span class='ocrx_word' id='word_1_198' title='bbox 802 3580 964 3650; x_wconf 86' lang='lat' dir='ltr'><strong>Attamen</strong></span> <span class='ocrx_word' id='word_1_199' title='bbox 978 3577 1172 3677; x_wconf 90' lang='lat' dir='ltr'><strong>disputatio</strong></span> <span class='ocrx_word' id='word_1_200' title='bbox 1188 3579 1265 3651; x_wconf 87' lang='lat' dir='ltr'><strong>haec</strong></span> <span class='ocrx_word' id='word_1_201' title='bbox 1281 3605 1322 3652; x_wconf 90' lang='lat' dir='ltr'><strong>eo</strong></span> 
     </span>
     <span class='ocr_line' id='line_1_30' title="bbox 325 3685 1416 3790; baseline 0.005 -32"><span class='ocrx_word' id='word_1_202' title='bbox 325 3685 511 3780; x_wconf 85' lang='lat' dir='ltr'><strong>diligenter</strong></span> <span class='ocrx_word' id='word_1_203' title='bbox 522 3686 728 3762; x_wconf 89' lang='lat' dir='ltr'><strong>annotanda</strong></span> <span class='ocrx_word' id='word_1_204' title='bbox 741 3701 809 3779; x_wconf 88' lang='lat' dir='ltr'><strong>est,</strong></span> <span class='ocrx_word' id='word_1_205' title='bbox 828 3689 927 3786; x_wconf 92' lang='lat' dir='ltr'><strong>quod</strong></span> <span class='ocrx_word' id='word_1_206' title='bbox 939 3715 1012 3762; x_wconf 90' lang='lat' dir='ltr'><strong>una</strong></span> <span class='ocrx_word' id='word_1_207' title='bbox 1029 3693 1324 3790; x_wconf 82' lang='lat' dir='ltr'><strong>estecausisquae</strong></span> <span class='ocrx_word' id='word_1_208' title='bbox 1415 3717 1416 3728; x_wconf 57' lang='lat'>¹</span> 
     </span>
     <span class='ocr_line' id='line_1_31' title="bbox 325 3791 1323 3906; baseline 0.007 -36"><span class='ocrx_word' id='word_1_209' title='bbox 325 3798 459 3900; x_wconf 90' lang='lat' dir='ltr'><strong>optime</strong></span> <span class='ocrx_word' id='word_1_210' title='bbox 482 3791 671 3873; x_wconf 81' lang='lat' dir='ltr'><strong>ostendant</strong></span> <span class='ocrx_word' id='word_1_211' title='bbox 691 3824 756 3870; x_wconf 91' lang='lat' dir='ltr'><strong>cur</strong></span> <span class='ocrx_word' id='word_1_212' title='bbox 778 3803 953 3876; x_wconf 84' lang='lat' dir='ltr'><strong>sermonis</strong></span> <span class='ocrx_word' id='word_1_213' title='bbox 976 3803 1126 3904; x_wconf 85' lang='lat' dir='ltr'><strong>dignitas</strong></span> <span class='ocrx_word' id='word_1_214' title='bbox 1146 3807 1260 3906; x_wconf 85' lang='lat' dir='ltr'><strong>magis</strong></span> <span class='ocrx_word' id='word_1_215' title='bbox 1284 3831 1323 3880; x_wconf 91' lang='lat' dir='ltr'><strong>ac</strong></span> 
     </span>
    </p>
   </div>
   <div class='ocr_carea' id='block_1_6' title="bbox 366 4065 930 4237">
    <p class='ocr_par' dir='ltr' id='par_1_7' title="bbox 366 4065 930 4237">
     <span class='ocr_line' id='line_1_32' title="bbox 366 4065 777 4146; baseline 0.002 -19"><span class='ocrx_word' id='word_1_216' title='bbox 366 4070 397 4127; x_wconf 84' lang='lat'><strong>1.</strong></span> <span class='ocrx_word' id='word_1_217' title='bbox 420 4065 777 4146; x_wconf 80' lang='lat' dir='ltr'><strong>Quinu1.‚xn,10,a0.</strong></span> 
     </span>
     <span class='ocr_line' id='line_1_33' title="bbox 367 4155 930 4237; baseline 0.011 -21"><span class='ocrx_word' id='word_1_218' title='bbox 367 4160 396 4218; x_wconf 81' lang='lat' dir='ltr'><strong>a.</strong></span> <span class='ocrx_word' id='word_1_219' title='bbox 421 4155 828 4237; x_wconf 78' lang='lat' dir='ltr'><strong>ouino1.,x11,ro,ra-ta.</strong></span> <span class='ocrx_word' id='word_1_220' title='bbox 866 4193 869 4202; x_wconf 72' lang='lat'>,</span> <span class='ocrx_word' id='word_1_221' title='bbox 909 4211 930 4224; x_wconf 73' lang='grc'><strong>,.</strong></span> 
     </span>
    </p>
   </div>
   <div class='ocr_carea' id='block_1_7' title="bbox 0 0 1446 5056">
    <p class='ocr_par' dir='ltr' id='par_1_8' title="bbox 0 0 1446 5056">
     <span class='ocr_line' id='line_1_34' title="bbox 0 0 1446 5056; baseline 0 0"><span class='ocrx_word' id='word_1_222' title='bbox 0 0 1446 5056; x_wconf 95' lang='lat' dir='ltr'><strong> </strong></span> 
     </span>
    </p>
   </div>
  </div>
 </body>
</html>
