2880 5058
693 347 888 423 ..9ss-

286 501 502 592 bendentia,
544 497 657 573 modo
685 495 883 599 epistolaris
911 497 1022 595 gratia
1039 511 1076 570 et
1100 495 1233 572 modus
1254 499 1292 572 in

287 617 433 716 singulis
449 616 592 686 inesset.

336 735 498 802 Attamen
535 749 610 798 non
639 725 821 797 Victorem
853 721 1082 798 diffitendum
1113 739 1168 798 est
1200 749 1294 824 prae·

287 844 407 918 sertim
440 841 477 912 in
509 837 742 911 familiaribus
768 838 811 910 iia
839 836 963 909 litteris
990 835 1210 936 explicandis
1239 839 1293 910 in-

287 954 454 1045 haesisse,
495 975 584 1052 quas
626 951 731 1024 unice
765 948 997 1051 epistolarum
1036 950 1186 1023 nomine
1220 975 1293 1024 esse

288 1067 413 1166 dignas
435 1065 628 1140 credidisse
646 1065 847 1138 Demetrius
866 1063 1022 1153 videtur,
1043 1078 1079 1136 et
1097 1087 1187 1163 quas
1213 1064 1295 1138 fate·

288 1207 369 1256 mur
399 1182 435 1253 in
465 1179 651 1252 communi
679 1178 749 1250 vita
776 1193 812 1250 et
840 1175 1100 1251 consuetudine
1130 1177 1294 1276 frequen·

289 1297 376 1389 tius,
397 1319 507 1393 quarn
525 1309 679 1384 ceteras,
699 1292 875 1392 usurpari.
898 1294 1128 1390 Quapropter
1149 1291 1294 1366 familia·

289 1410 381 1482 rium
414 1410 612 1481 litterarum
645 1422 681 1479 et
708 1405 921 1479 brevitatem
952 1420 989 1476 et
1008 1406 1293 1503 perspicuitatem
1415 1497 1416 1508 ἵ

172 1577 177 1590 .
289 1538 324 1596 et
355 1522 586 1611 varietatem,
617 1534 652 1592 et
674 1519 886 1591 suavitatem
922 1542 964 1590 ac
990 1518 1130 1616 lepores
1158 1519 1290 1612 fusius,

289 1660 399 1735 quam
425 1633 694 1728 negotiosarum
724 1629 858 1724 officia,
889 1631 1024 1704 docuit.
1053 1635 1132 1703 Non
1157 1632 1294 1730 singula

289 1745 494 1819 minutatim
537 1757 697 1844 repetere
734 1743 842 1816 nobis
880 1745 917 1816 in
955 1746 1076 1816 animo
1109 1760 1186 1837 est,
1216 1770 1295 1844 quae
1416 1809 1417 1830 ,

290 1858 335 1932 dc
369 1871 525 1957 quatuor
554 1855 652 1928 hisee
687 1856 873 1955 praecipuis
902 1857 1129 1931 familiarium
1163 1861 1294 1962 episto-
1416 1841 1417 1858 ¹

289 1971 404 2044 larum
429 1969 620 2043 virtutibus
649 1969 862 2068 transcripta
888 1993 908 2042 e
940 1971 1089 2044 Victoris
1114 1996 1225 2070 opere
1249 1970 1294 2046 ad

289 2085 440 2164 verbum
462 2084 721 2184 expressimus3
743 2081 806 2154 sed
820 2107 935 2180 pauca
954 2083 1117 2180 quaedam
1134 2083 1196 2156 hic
1210 2084 1292 2176 illie,

289 2197 325 2268 iu
353 2197 477 2268 itinere
499 2192 739 2286 conficiendO,
761 2193 877 2265 solum
896 2194 1178 2268 animadvertere
1194 2197 1295 2270 volu·

289 2333 383 2381 mus.
410 2313 457 2380 Ac
478 2308 634 2407 primum
651 2307 829 2404 egregiam
846 2307 943 2380 illam
966 2311 1127 2382 Censorii
1151 2312 1295 2384 Catonis
1417 2311 1418 2318 ’

289 2445 415 2494 vocem
431 2426 440 2460 ¹
456 2418 689 2512 admiremur,
710 2445 783 2519 qua
800 2424 959 2521 praecipit
974 2447 1021 2496 ne
1039 2425 1296 2502 sententiarum

289 2534 352 2608 diu
375 2535 643 2608 circumferatur
669 2535 831 2607 ambitio.
851 2541 933 2608 Haec
960 2537 1025 2608 viri
1052 2536 1146 2611 illius
1170 2537 1292 2628 verba,

289 2673 398 2746 quem
413 2647 499 2719 alias
509 2647 596 2746 jam,
614 2661 654 2720 ut
678 2647 845 2741 vidimus,
864 2649 1016 2723 libenter
1033 2651 1197 2723 nominat
1213 2651 1294 2723 vie·
1418 2681 1419 2718 ;

290 2766 379 2855 tor',
396 2787 438 2833 ex
453 2786 497 2834 eo
507 2760 601 2833 libro
612 2759 657 2832 de
667 2764 831 2857 Oratore,
848 2776 888 2834 ut
906 2761 1095 2833 verisimile
1107 2777 1173 2853 est,
1189 2762 1296 2838 ducta
1418 2849 1419 2862 χ

289 2889 385 2964 sunt,
405 2875 441 2946 in
456 2900 530 2971 quo
548 2879 636 2948 Cato
655 2889 835 2948 oratorem
853 2873 972 2946 virum
991 2872 1132 2946 bonum
1150 2875 1295 2950 dicendi

288 2988 443 3084 peritum
458 3011 533 3059 esse
551 2987 770 3060 definiverat.
787 2985 926 3058 Deinde
942 2987 1163 3060 mentionem
1178 2989 1224 3061 de
1238 2989 1296 3064 illo

288 3097 441 3168 Victoris
452 3096 558 3168 loco⁸
573 3097 757 3188 faciamus,
776 3099 813 3170 in
830 3123 904 3196 quo
924 3103 1096 3172 Caesarem
1113 3115 1147 3171 et
1162 3105 1297 3199 Augus·

288 3223 415 3282 tumet
431 3209 641 3282 Ciceronem
658 3224 694 3282 et
711 3210 800 3283 alios
817 3212 1007 3310 plerosque
1025 3211 1164 3307 scribit,
1192 3228 1297 3287 notas

287 3322 381 3394 inter
408 3346 446 3394 se
472 3323 679 3396 secretiores
707 3323 865 3422 epistolis
893 3326 1023 3424 pacisci
1048 3349 1123 3398 esse
1155 3326 1293 3402 solitos.
1418 3329 1419 3332 ’

288 3435 353 3508 Cui
373 3434 525 3508 rhetoris
547 3438 661 3510 nostri
678 3438 897 3527 testimonio,
918 3439 1011 3511 inter
1034 3438 1120 3512 alias
1143 3440 1298 3512 auctori·

288 3562 389 3642 tates,
412 3548 491 3620 tuti
512 3547 589 3621 haec
612 3548 724 3622 verba
742 3539 846 3624 Gellii
865 3551 985 3624 favent
998 3552 1031 3622 ⁸:
1054 3579 1072 3620 r
1088 3552 1187 3623 Libri
1212 3565 1297 3624 sunt

288 3661 521 3759 epistolarum
543 3665 583 3734 C.
603 3664 748 3736 Caesaris
769 3664 816 3737 ad
838 3667 878 3738 C.
907 3664 1067 3763 Oppium
1091 3678 1126 3737 et
1142 3661 1295 3736 Balbum

329 3869 358 3924 l.
381 3865 469 3945 Apud
482 3869 514 3930 G.
530 3869 556 3929 J.
578 3868 671 3945 vict,
687 3889 752 3950 cap.
769 3891 867 3952 xxvn,
881 3892 911 3950 p.
930 3875 997 3934 ill.

328 3957 367 4026 9.,
379 3955 451 4016 Vide
465 3977 494 4036 p.
512 3960 551 4016 43
566 3968 594 4016 et
613 3961 644 4020 C.
660 3963 688 4022 J.
699 3960 793 4034 Vico,
813 3981 877 4041 cap.
897 3981 938 4037 rr,
954 3981 985 4040 p.
1002 3963 1031 4022 5.

329 4048 357 4106 3.
380 4047 411 4106 C.
429 4049 457 4108 J.
473 4045 566 4118 vice,
581 4065 646 4126 cap.
661 4067 763 4123 xxvrr,
778 4069 808 4128 p.
826 4051 895 4112 tat.

328 4140 358 4198 l.
382 4139 419 4198 Α.
435 4133 512 4197 Gell.
528 4140 611 4200 Nece.
628 4139 690 4200 Ate.
709 4141 812 4216 XVII,
826 4143 856 4200 9.
