2880 5058
662 347 884 420 ..444-

274 495 409 585 movit,
430 517 546 591 neque
559 492 632 565 iere
643 492 740 566 aliud
758 493 850 586 fecit,
869 519 992 591 quam,
1010 497 1153 593 vulgata
1169 495 1281 567 maxi-

274 634 419 680 morum
431 605 575 678 dicendi
584 596 772 680 auctorum
784 623 959 707 praecepta
972 608 1177 702 referendo,
1193 608 1284 679 nihil

274 746 317 794 ex
328 722 370 792 iis
380 736 538 810 mutare,
555 719 644 790 nihil
654 745 768 819 prope
785 737 945 810 novare,'
955 721 1046 794 nihil
1056 723 1285 821 interpretari

275 850 310 908 et
333 832 379 906 ad
402 833 592 932 aequalium
608 858 757 906 suorum
773 834 1033 934 eloquentiam,
1060 836 1284 934 aliquatenus

275 946 526 1046 approbatam,
538 947 831 1040 accommodare,
844 948 978 1022 idcirco
988 953 1029 1022 C.
1039 947 1285 1022 JuliiVictoris

275 1059 366 1132 liber
382 1059 707 1159 parumvdignitatis
724 1086 765 1134 ac
783 1063 968 1160 ponderis,
988 1064 1082 1134 inter
1095 1063 1150 1136 sui
1166 1061 1232 1134 aevi
1251 1074 1286 1133 et

276 1175 457 1271 sequentis
467 1173 578 1245 aetatis
589 1173 783 1270 eloquendi
794 1191 1044 1275 praeceptores‚
1056 1175 1226 1248 habuisse
1235 1173 1286 1244 di·

277 1287 414 1360 condus
435 1302 501 1359 est.
530 1286 615 1360 Iden
636 1303 711 1360 tam
732 1315 900 1388 parvam,
919 1316 965 1364 ne
981 1291 1122 1380 dicam,
1150 1288 1286 1361 nullam

277 1403 443 1494 omniun,
462 1402 710 1474 auctoritatem
724 1403 816 1476 liber
833 1395 896 1476 iste
914 1405 1121 1496 rhetorices,
1143 1407 1184 1474 C.
1204 1401 1287 1474 Julii

277 1516 431 1588 Victoris
445 1515 592 1585 nomine
611 1516 815 1614 inscriptus,
834 1518 1008 1607 obtinuit,
1030 1533 1070 1590 ut
1091 1532 1144 1588 tot
1160 1514 1298 1598 saecuta,

277 1631 422 1726 ignotus
434 1629 469 1698 in
480 1627 778 1702 bibliothecarum
791 1633 939 1730 pulvere
951 1631 1102 1730 jacuerit
1112 1657 1122 1718 ;
1134 1655 1202 1701 nec
1216 1629 1287 1700 fere

279 1741 470 1838 quisquam
496 1738 593 1836 apud
615 1741 783 1838 antiquos
806 1741 985 1829 rhetores,
1010 1764 1118 1837 quem
1141 1737 1288 1834 quidem

278 1839 508 1943 noverimus,
523 1868 652 1951 praeter
668 1854 856 1947 Rufinum,
877 1856 923 1928 de
935 1856 1078 1928 Victore
1104 1852 1166 1924 iiio
1191 1875 1289 1924 men·

280 1969 416 2042 tionem
448 1966 564 2040 obiter
590 1969 705 2042 ‘facere
737 1970 903 2068 dignatus
935 1972 991 2042 sit.
1028 1973 1154 2040 Noster
1181 1967 1288 2063 igitur

188 2085 192 2094 '
279 2080 420 2178 rhetor,
440 2081 522 2177 quia
540 2104 624 2153 eum
640 2083 781 2155 Gallum
797 2085 901 2156 suisse
917 2081 1106 2156 verisimile
1123 2094 1198 2170 est,
1214 2103 1288 2150 non

280 2181 650 2293 quadamtenus'cum
677 2196 819 2270 Gallicis
842 2196 1045 2268 rhetoribus
1067 2193 1289 2266 consensisse

193 2377 195 2381 ,
282 2330 357 2376 non
379 2319 519 2402 potest3
549 2306 634 2401 quia
656 2321 775 2377 autem
804 2307 861 2378 vel
884 2307 1077 2406 imprimis,
1102 2303 1158 2374 rel
1183 2303 1288 2374 unice

283 2417 469 2489 etidcirco
486 2415 627 2508 frustra,
648 2420 901 2490 Ciceronianus
919 2420 1003 2508 fuit,
1023 2419 1069 2499 ab
1083 2416 1213 2488 iisdem
1230 2439 1289 2486 ne·

282 2529 449 2619 cessariO,
470 2530 507 2620 in
527 2530 647 2602 multis
663 2531 796 2628 ingenii
814 2532 959 2606 dotibus
981 2557 1023 2604 ac
1042 2529 1168 2628 judicii
1185 2529 1288 2600 ratio.

282 2643 405 2736 nibus,
425 2643 590 2717 dissensit
606 2645 798 2720 incassum.
