2866 5056
572 349 767 426 ...13-

169 497 323 570 sandum
340 497 399 587 sit,
415 521 524 594 quam
541 492 653 570 status
671 523 801 592 causae,
821 503 858 574 in
878 530 964 602 quo,
979 507 1088 581 veluti
1104 535 1174 582 ne-

170 611 321 682 cessario
339 610 500 702 cardine,
521 637 562 683 ea
580 611 756 707 innititur,
774 616 857 688 inde
872 617 1025 693 efficitur
1039 636 1081 694 ut
1100 626 1173 723 pri·
1220 687 1222 690 .

169 749 270 795 mum
297 729 536 822 Hermagorea
564 727 701 798 ratione
724 730 846 801 Victor
871 733 908 803 in
937 735 1106 809 omnibus
1131 739 1173 811 iis

170 838 322 929 insistat,
337 865 417 936 quae
435 840 482 911 ad
499 865 690 912 causarum
706 856 815 915 status
832 847 890 916 vel
901 851 1174 924 constitutiones

169 954 382 1025 referuntur.
403 959 527 1050 ltaque
545 955 591 1028 ab
605 957 767 1052 asystatis
784 959 909 1056 incipit
919 965 942 1052 ¹,
961 961 1082 1055 idest,
1100 992 1174 1039 ma-

169 1068 265 1137 teriis
279 1068 412 1164 quibus
423 1067 585 1138 conditio
602 1067 717 1159 deest,
739 1094 804 1141 cur
821 1072 904 1142 inde
922 1080 1174 1150 controversia

169 1194 205 1250 et
221 1204 409 1252 causarum
433 1195 542 1252 status
565 1182 739 1274 oriantur,
761 1198 796 1253 et
817 1209 971 1281 quarum
996 1187 1173 1262 declama-

168 1294 252 1363 torii
270 1295 407 1390 generis
422 1295 585 1391 exempla
600 1319 619 1366 a
634 1297 908 1388 Fortunatiano,
931 1323 952 1369 a
969 1300 1174 1373 Rhetorices

168 1406 294 1502 ignoto
312 1423 457 1479 anctore
480 1409 665 1504 Augustini
688 1435 821 1482 nomen
849 1413 936 1484 falso
950 1416 1174 1488 continente

170 1525 355 1618 expressa‘
376 1521 552 1616 congessit
568 1521 703 1593 Victor.
728 1525 906 1622 Deinceps
927 1551 1037 1618 vero,
1058 1530 1174 1627 expla-

169 1637 261 1704 natis
289 1633 388 1705 hisce
413 1633 532 1706 verbis
559 1661 638 1732 quae
665 1636 704 1707 in
731 1636 917 1710 rhetorum
944 1638 1037 1712 ludis
1064 1643 1173 1740 vulgo

171 1759 362 1842 usurpala,
381 1752 419 1818 τὸ
441 1753 625 1844 κρινόμενον,
646 1753 813 1846 ἀπόφασιν,
843 1755 957 1836 αἴτιον,
983 1757 1171 1851 κατάφασιν,

171 1865 291 1955 συνέχον
317 1860 430 1931 Graeci
455 1860 758 1958 appellaverant³,
788 1864 833 1935 ad
858 1865 955 1964 ipsos
985 1891 1174 1940 causarum

54 2033 56 2040 Α
171 1973 333 2069 pervenit
346 1987 469 2062 status,
486 1973 684 2070 exquibus,
697 1978 922 2073 Hermagorae
933 1979 1057 2067 instar,
1070 1982 1175 2052 ratio·

171 2086 269 2157 nales
296 2101 464 2184 quatuor,
494 2087 754 2184 conjecturam,
787 2088 914 2181 finem,
944 2091 1171 2187 qualitatem,

172 2200 440 2272 translationem
450 2201 507 2270 vel
516 2201 727 2272 rationaletn
737 2203 792 2273 vel
800 2203 964 2298 legalem,
973 2203 1103 2299 legales
1116 2229 1175 2274 an·

172 2328 244 2384 tem
255 2314 561 2412 quatuorpariter,
575 2315 694 2412 scripti
705 2315 1175 2412 etvoluntatis,legumcon-

171 2428 376 2520 trariarum,
399 2427 661 2518 collectionem,
680 2428 947 2526 ambiguitatem
961 2430 1172 2527 distinguit‘.

173 2544 337 2628 Quorum
362 2543 479 2613 statim
504 2542 728 2638 singulorum
754 2557 871 2642 partes
897 2545 1065 2642 exemplis
1082 2546 1176 2617 illus·

173 2666 259 2744 trat,
285 2656 496 2753 plerumque
516 2654 563 2725 ad
584 2656 749 2727 materias
772 2655 850 2728 illas
874 2655 1176 2730 declamationum

173 2767 445 2863 pertinentibus,
458 2791 546 2862 quas
559 2767 596 2838 in
613 2766 744 2838 scholis
762 2769 818 2863 agi
836 2769 955 2838 solitas
972 2768 1077 2838 refert
1091 2793 1174 2840 auc·

173 2868 231 2950 tor
248 2879 380 2976 dialogi
396 2880 441 2952 de
458 2879 579 2951 Causis
591 2894 769 2977 corruptae
787 2878 1012 2976 eloquentiae,
1030 2894 1176 2952 contro·

173 2993 528 3090 versiis‘plerumque
546 2993 677 3064 similes
700 2992 771 3064 sive
789 3016 810 3065 a
832 2995 967 3065 Seneca
988 3008 1089 3091 patre
1106 2992 1178 3066 col·

173 3104 286 3194 lectis,
303 3107 377 3179 sive
388 3131 410 3178 a
423 3106 798 3193 Pseudo-Quintiliano
811 3107 979 3179 tractatis
994 3105 1178 3177 Interdum

175 3231 294 3290 tamen
322 3219 460 3317 prolata
482 3246 504 3293 a
530 3221 671 3291 Victore
697 3221 859 3317 exempla
883 3245 903 3291 e
935 3218 1082 3290 meliore
1107 3219 1178 3290 elo-

176 3333 329 3429 quentiae
360 3333 459 3405 fonte
494 3333 608 3403 Tullio
635 3333 763 3404 hausta
787 3346 882 3402 sunt.
912 3335 994 3402 Mox
1024 3357 1178 3428 quarum

175 3446 288 3518 modo
305 3447 481 3518 recensuit
499 3460 618 3544 partes
642 3445 939 3530 constitutionum
961 3437 1100 3533 Victor,
1124 3468 1180 3516 ea-

177 3558 342 3630 rumdem
368 3573 403 3631 et
426 3559 654 3632 rationalium
677 3572 713 3628 et
737 3557 904 3653 legalium
928 3555 1028 3626 locos
1051 3554 1180 3626 eodem
1206 3621 1207 3630 ,

218 3779 247 3836 l.
270 3777 302 3835 C.
313 3777 341 3832 J.
354 3773 441 3850 Vict,
456 3777 677 3848 delineatione,
692 3794 754 3852 cap.
774 3795 813 3845 ιι,
830 3793 858 3852 p.
879 3776 945 3832 a-t.

218 3867 247 3922 ἓ.
271 3865 314 3948 Cf.
338 3865 368 3952 in
382 3867 505 3943 Capper.
530 3863 599 3924 edit.
615 3865 852 3924 Fortunatianum
867 3885 898 3944 p.
915 3861 971 3938 85,
987 3863 1189 3944 Augustinum¹

177 3973 208 4033 p.
220 3957 304 4104 ἐξ.
319 4048 347 4105 J.
362 4043 449 4119 vice,
462 4064 527 4123 cap.
543 4063 582 4115 ιι,
598 4065 630 4122 p.
648 4047 709 4104 7-9.

218 4137 248 4192 l.
271 4133 362 4206 luta,
376 4154 439 4214 cap.
458 4154 510 4207 ιιι,
525 4155 555 4212 p.
572 4137 656 4227 ⁹:³⁴·
