2866 5056
690 359 862 432 ...8-

267 513 385 601 rinus,
406 510 581 608 Sulpicius
601 510 725 582 Victor
746 509 951 608 parcissime
972 509 1027 579 usi
1050 523 1132 579 sunt
1146 512 1167 580 ¹.
1188 513 1278 584 Mar-

266 623 441 695 comanni
454 621 592 693 nullum
605 623 718 694 Maius
734 622 770 691 in
788 621 921 692 notulis
934 620 980 693 ad
994 625 1033 692 C.
1046 612 1179 694 lulium
1197 624 1277 695 Vic-

267 752 388 808 torem
406 735 593 832 vestigium
614 733 863 832 deprehendit.
886 739 1008 832 ltaque
1025 759 1069 806 eo
1086 736 1278 810 mentionis

270 849 386 920 modo
403 849 514 945 gratia
530 849 718 919 nominato
738 847 898 918 contenti
918 848 1025 918 simus
1043 871 1188 920 necesse
1209 863 1274 940 est,

268 987 340 1032 nec
355 962 454 1033 irrita
472 961 517 1032 de
537 962 660 1058 ignoto
682 984 796 1059 prope
813 961 962 1032 homine
978 985 1189 1056 quaeramus.

320 1075 431 1163 Quod
457 1074 502 1146 ad
523 1075 710 1146 Tatianum
728 1087 884 1172 spectat,
908 1074 1094 1147 manifesta
1110 1089 1172 1146 aut
1188 1076 1279 1147 reri-

270 1187 381 1258 simili
412 1186 539 1258 saltem
579 1199 874 1281 argumentorum
906 1188 1136 1258 conclusione
1167 1188 1280 1278 Maius

270 1299 429 1398 probat’
457 1298 638 1370 rhetorem
671 1324 780 1396 quem
810 1298 876 1370 sibi
910 1300 1124 1372 imitandum
1157 1315 1282 1386 noster

271 1412 485 1517 proposuit,
503 1437 620 1509 neque
636 1413 823 1483 Tatianum
839 1413 941 1484 illum
959 1416 1087 1510 Syrum
1105 1439 1197 1502 esse,
1217 1413 1280 1486 sed

270 1520 397 1620 lingna
431 1527 596 1596 Graecum
609 1580 620 1619 ,
650 1526 871 1623 professione
903 1527 1099 1625 sophistam
1133 1542 1169 1598 et
1198 1525 1281 1599 rhe-

268 1637 1281 1738 torem,cujusinfinitafuisserolumina,Eusebiusatque

270 1751 694 1847 Hieronymus³tradunt,
705 1776 822 1848 neque
831 1753 1019 1839 Tatianum
1029 1752 1233 1850 Symmachi
1244 1753 1280 1824 in

266 1863 461 1934 consulatu
476 1861 666 1958 collegam,
686 1865 749 1961 qui
767 1864 896 1936 eodem
913 1888 1011 1935 anno
1029 1869 1150 1936 Romae
1168 1865 1281 1964 impe-

270 1977 362 2050 ravit
379 2001 453 2073 quo
470 1976 681 2048 Themistius
696 1976 819 2050 rhetor
830 2003 962 2050 novam
976 1981 1125 2048 Romam
1141 1976 1284 2075 praelec-

269 2101 330 2159 tus
346 2088 614 2182 moderabatur,
635 2091 697 2162 scd
715 2092 777 2188 qui
794 2106 915 2163 utrum
931 2092 1022 2163 forte
1040 2091 1165 2166 rhetor,
1178 2090 1284 2162 luerit
1393 2151 1398 2163 .
1428 2105 1429 2114 ’

268 2204 424 2274 omnino
443 2203 639 2298 ignoratur.
660 2209 707 2274 Ut
726 2217 845 2274 antem
863 2203 930 2273 sibi
941 2203 1018 2298 jam
1034 2227 1143 2298 supra
1160 2202 1283 2274 videre

269 2315 369 2384 visus
385 2329 438 2384 est
454 2314 566 2384 Maius
584 2315 764 2410 Aquilium
780 2339 847 2412 pro
859 2313 983 2410 Aquila
1000 2314 1036 2383 in
1059 2313 1207 2385 Victoris
1219 2339 1284 2386 co-

269 2424 353 2496 dice
374 2425 548 2497 mendose
563 2451 640 2497 esse
660 2428 846 2525 scriptum,
869 2428 917 2499 ita
933 2426 993 2497 hic
1010 2426 1188 2497 Titianum
1213 2454 1282 2526 pro

269 2538 419 2610 Tatiano
437 2537 665 2611 scribendum
682 2565 758 2611 esse
772 2540 876 2612 valde
891 2539 1101 2638 suspicatur.
1124 2543 1166 2609 Et
1183 2539 1230 2610 ad
1247 2540 1283 2612 id

267 2649 486 2748 suspicionis
510 2649 662 2723 libenter
680 2650 882 2745 adducitur,
909 2651 1009 2750 quod
1034 2651 1156 2724 similis
1181 2676 1283 2723 error
1351 2738 1353 2742 ι

269 2757 450 2834 admissus
464 2775 517 2832 est
532 2762 629 2861 apud
647 2760 763 2835 editos
779 2763 891 2836 libros
908 2762 1100 2862 Capitolini
1118 2763 1155 2834 in
1171 2764 1281 2835 Maxi·

269 2873 376 2945 mino
387 2875 532 2971 juniore
548 2901 627 2976 cap.
644 2903 677 2968 1,
698 2903 806 2974 quem
825 2877 1058 2950 Casaubonus
1074 2891 1109 2948 et
1118 2877 1278 2968 Vossius,

269 2985 574 3084 adstipulantibus
604 3014 736 3088 nempe
767 2990 969 3078 codicibus,
999 2989 1283 3061 emendaverunt

270 3099 343 3170 sic:
367 3129 385 3164 <t
403 3103 495 3172 Usus
508 3114 560 3171 est
575 3103 747 3174 Maximus
762 3117 903 3174 oratore
918 3103 1042 3174 Latino
1054 3104 1192 3173 Titiano
1208 3101 1282 3174 filio

267 3211 400 3282 Titiani
420 3213 583 3301 senioris,
604 3214 666 3310 qui
684 3214 800 3286 dictus
822 3229 875 3286 est
892 3215 994 3286 simia
1017 3217 1188 3314 temporis
1211 3215 1280 3306 sui,

268 3323 375 3420 quod
391 3338 519 3396 cuncta
537 3325 695 3397 imitatus
713 3342 816 3399 esset.
842 3358 859 3394 n
880 3333 982 3401 Hanc
1002 3325 1132 3400 deinde
1153 3324 1284 3425 proba-

270 3434 383 3509 bilem
408 3438 651 3536 conjecturam
668 3441 782 3514 Maius
802 3441 911 3513 efficit
930 3467 973 3513 es
999 3439 1135 3510 lsidoro
1161 3441 1284 3538 Hispa·

269 3550 365 3624 lensi
374 3552 397 3643 ⁸,
415 3551 479 3650 qui
496 3551 540 3624 de
554 3552 742 3628 rhetoricae
759 3543 953 3653 disciplinae
968 3551 1216 3624 inventoribus
1231 3553 1283 3623 lo·

310 3783 347 3853 ll.
371 3781 595 3848 Fortunatianus
609 3779 656 3842 ed.
673 3783 811 3861 Capper.,
831 3798 862 3859 p.
880 3780 935 3851 68;
951 3775 1136 3854 Victorinus,
1156 3797 1188 3858 p.
1206 3777 1280 3862 1193

270 3875 420 3959 Sulpicius
433 3876 547 3947 Victor,
563 3893 592 3952 p.
610 3873 679 3930 285.

314 3972 347 4028 2.
370 3965 479 4038 llaius,
495 3967 532 4020 de
546 3967 667 4019 Victoris
680 3961 846 4034 Rhetorica,
861 3976 1054 4017 cxvi-omn.

313 4061 347 4116 3.
371 4059 446 4114 Hist.
466 4057 547 4122 eccl„
563 4053 620 4121 IV,
635 4052 693 4123 293
708 4053 746 4110 de
759 4055 823 4110 Vir.
840 4053 902 4122 nt,
917 4065 981 4128 cap.
997 4063 1079 4106 xxxx.

314 4152 349 4206 l.
376 4147 455 4223 Orig.
477 4146 523 4214 11,
548 4142 577 4201 2.
