2866 5056
627 817 807 910 cartu
840 767 902 910 u.

280 1193 355 1276 31.
379 1197 450 1269 Quae
477 1193 600 1253 virtutes
628 1204 657 1252 et
684 1191 755 1251 vitia
774 1191 805 1250 in
833 1195 865 1252 C.
892 1192 961 1252 Julii
986 1191 1108 1252 Victoris
1131 1213 1236 1272 opere,

353 1284 480 1362 exceptis
501 1281 614 1342 duobus
637 1282 744 1342 uitimis
764 1281 921 1361 capitibus,
944 1281 1088 1362 praecipua
1106 1283 1174 1342 sint.

312 1531 1265 1634 Adsecundampropositinostripartemexponendam

262 1644 750 1744 pertinebuutquaecumque,
761 1644 1005 1717 devirtutibus
1017 1648 1153 1719 etv'itiis
1164 1664 1198 1721 et
1208 1676 1265 1722 va·

261 1758 323 1829 riis
340 1756 544 1829 Rhetorices
566 1756 718 1829 Victoris
734 1756 957 1850 utilitatibus,
977 1762 1182 1833 summatim
1200 1761 1267 1835 dis·
1299 1817 1302 1824 .

262 1871 382 1966 putari
399 1883 560 1966 possunt.
582 1874 744 1956 Quarum
762 1870 922 1968 profecto
940 1871 1110 1944 virtutum
1125 1891 1267 1947 nonest

262 1982 412 2054 minima
425 1983 497 2074 illa,
510 2009 581 2080 qua
597 1983 785 2081 saepissime
799 1999 835 2056 et
851 1985 983 2082 passim
995 1987 1263 2082 sententiarum,

261 2094 467 2189 verborum,
484 2111 701 2196 temporum,
721 2122 956 2195 personarum
979 2123 1169 2197 rerumque
1189 2127 1266 2172 om-

262 2209 363 2281 nium
395 2210 682 2282 convenientiam
709 2212 745 2281 in
771 2225 945 2311 perpetuo
966 2211 1112 2285 dicendi
1142 2219 1266 2287 tenore

261 2321 476 2394 servandam
502 2347 576 2395 esse
603 2321 801 2422 profitetur.
833 2322 973 2420 Ubique
993 2326 1112 2417 enim,
1131 2351 1195 2398 seu
1222 2328 1266 2400 de

261 2435 399 2530 vulgari
416 2436 557 2508 dicendi
582 2437 759 2536 principio
787 2436 962 2536 imprimis
986 2438 1156 2534 fugiendo
1181 2442 1267 2512 scri·

256 2547 324 2621 bat
336 2553 357 2642 ¹,
373 2575 436 2622 seu
453 2551 540 2648 quid
553 2551 598 2624 sit
608 2567 689 2650 apte
705 2552 806 2648 loqui
821 2551 977 2622 breviter
989 2550 1190 2648 significet²,
1205 2577 1267 2625 seu

254 2663 471 2738 indecoram
483 2665 813 2763 pronuntiationem
824 2681 859 2738 et
868 2664 1094 2738 indecentem
1104 2663 1267 2736 habitum

254 2793 370 2875 ,atque
391 2796 522 2853 nutum
540 2779 809 2879 reprehendat⁸,
830 2803 971 2876 semper
992 2779 1267 2852 Ciceronianum

257 2890 426 2971 thocante
441 2895 565 2965 oculos
576 2893 687 2966 habet
701 2918 709 2962 ε
721 2921 738 2962 n
749 2894 760 2929 ⁸
772 2895 819 2962 Ut
831 2893 868 2963 in
883 2893 967 2980 vita,
986 2892 1036 2962 sic
1051 2893 1089 2962 in
1106 2892 1269 2964 oratione

256 3005 353 3077 mihil
373 3020 426 3076 est
441 3005 619 3077 difficilius
640 3029 749 3102 quam
761 3003 848 3100 quid
870 3004 994 3076 deceat
1009 3003 1151 3100 uidere,
1172 3031 1191 3071 u
1207 3020 1267 3076 aut

256 3116 388 3188 illud':
404 3145 421 3185 n
435 3117 527 3188 Nihil
540 3116 638 3189 aliud
655 3142 732 3188 esse
743 3118 911 3214 ineptum
929 3141 1038 3213 quam
1053 3118 1172 3188 minus
1185 3132 1267 3215 apte

262 3215 394 3302 dicere.
413 3261 430 3296 ›>
443 3229 539 3319 Quid
552 3229 680 3328 plura?
693 3243 746 3300 tot
763 3252 804 3300 ac
822 3244 895 3299 tam
912 3230 1114 3326 frequenter
1125 3230 1267 3302 variatis

261 3344 380 3416 modis
395 3343 455 3416 hic
468 3344 539 3415 illio
550 3358 671 3416 noster
679 3367 721 3414 ea
731 3342 972 3443 prosequitur,
987 3340 1083 3412 unde
1097 3356 1178 3440 apta
1192 3341 1267 3412 effi-

263 3457 376 3530 ciatur
394 3458 522 3549 orati0,
537 3471 577 3527 ut
587 3456 691 3548 mihi,
704 3457 731 3528 si
745 3480 832 3555 pace
845 3479 959 3552 quum
969 3455 1176 3551 legentium,
1189 3470 1266 3526 tum

263 3567 457 3641 doctissimi
467 3568 742 3668 tilaii,suspicari
750 3568 866 3658 licent,
877 3565 925 3637 ob
935 3581 1159 3640 constantem
1169 3567 1266 3639 illam

303 3784 333 3839 1.
356 3784 389 3840 C.
404 3783 431 3837 J.
447 3778 536 3851 Vict,
551 3797 615 3856 cap.
630 3798 683 3848 xv,
699 3797 728 3857 p.
746 3781 796 3838 stt.

303 3873 332 3928 2.
355 3870 445 3944 thid„
461 3889 525 3948 cap.
539 3889 593 3939 xx,
609 3889 639 3947 p.
656 3873 712 3942 97;
727 3889 792 3949 cap.
809 3889 888 3941 xxu,
903 3888 933 3948 p.
954 3871 1024 3929 109.

305 3963 333 4018 3.
356 3959 446 4033 Ibin,
461 3979 525 4038 cap.
542 3979 627 4030 xxrv,
643 3979 673 4038 p.
690 3962 763 4031 111,
781 3960 848 4020 111.

303 4053 333 4113 i.
358 4050 416 4112 cie.
436 4054 548 4122 Orator,
564 4069 628 4128 cap.
643 4069 704 4106 xxr.
722 4049 764 4109 cf.
782 4053 817 4106 dr
833 4051 963 4124 Oratore,
978 4052 1008 4121 1,
1024 4050 1073 4108 29.

303 4141 332 4198 5.
353 4139 412 4200 Cio.
424 4141 462 4195 da
474 4142 604 4210 Oratore,
620 4140 665 4210 11,
681 4139 711 4196 t.
