2866 5056
573 400 770 470 ...57-

168 545 315 620 creandi
344 544 510 635 facultas,
549 546 669 618 invitis
698 545 835 645 aliquot
865 549 1056 646 ingeniosis
1089 555 1174 628 viris

168 664 214 750 Q.
245 660 385 734 Aurelio
409 659 640 757 Symmacho,
660 663 820 735 Ausonio
828 677 843 754 ‚'
858 661 1071 752 Claudiano,
1087 669 1173 739 Arn-

168 775 290 846 miano
312 771 517 846 Marcellino
536 757 573 846 et
589 775 733 866 ceteris,
753 776 798 848 de
812 776 932 849 medio
949 802 1174 878 paganorum

167 888 359 961 hominum
380 904 475 962 coetu
502 888 664 982 sublata,
697 887 743 960 ad
768 889 979 964 christianos
1001 917 1175 967 conversa

168 1015 282 1092 erant,
300 1016 336 1073 et
352 1016 539 1074 renovata.
549 1006 693 1099 Itaque,
707 1017 747 1073 ut
764 1002 854 1073 iniis
870 1001 989 1075 solum
1002 1004 1174 1078 immorer

167 1139 247 1211 quae
261 1115 307 1185 ad
323 1115 540 1188 rhetoricam
554 1116 725 1205 attinent,
745 1131 922 1214 quantum
937 1117 1085 1188 interest
1101 1116 1174 1189 dis·

167 1227 304 1298 crimen
320 1228 413 1300 inter
428 1229 573 1325 igneum
590 1230 776 1325 Augustini
792 1229 965 1324 vigorem,
981 1230 1044 1326 qui
1056 1229 1174 1302 admi·

166 1338 319 1410 rabilem
346 1340 384 1410 in
411 1339 563 1412 modum
595 1341 808 1438 eloquentiae
840 1356 1039 1440 praecepta,
1074 1365 1174 1414 novo

167 1451 361 1550 splendore
376 1453 559 1544 decorata,
571 1452 618 1526 ad
631 1453 832 1527 christianae
844 1452 1026 1550 religionis
1043 1453 1175 1528 utilita-

168 1579 241 1637 tem
258 1567 522 1657 accommodat,
532 1568 639 1640 etiam
652 1592 767 1665 quum
785 1592 824 1639 ea
837 1591 1005 1666 spernere
1015 1566 1172 1664 videtur,

168 1691 205 1748 ct
226 1679 380 1753 Victoris
400 1680 638 1753 humilitatem
657 1682 695 1752 in
727 1680 969 1780 praecipiendo
995 1695 1032 1752 et
1052 1681 1175 1754 nescio

168 1816 278 1889 quam
291 1793 531 1889 exiguitatem,
551 1795 658 1868 etiam
670 1820 784 1892 quum
798 1793 980 1866 uberrima
993 1794 1176 1870 Ciceronis

167 1919 204 1975 et
220 1904 318 1976 Fabii
333 1905 414 1978 loca
429 1907 579 1980 invenit.
604 1911 684 1980 Non
702 1907 803 2004 quod
828 1930 1092 2004 nonnunquam
1115 1907 1176 1980 ille

167 2041 244 2088 non
274 2017 380 2091 celeri
406 2019 567 2117 quodam
602 2020 734 2116 ingenii
754 2034 790 2092 et
813 2019 978 2092 dictionis
1009 2019 1176 2094 acumine

167 2132 347 2205 discernat
373 2147 409 2206 et
437 2147 624 2231 percurrat
649 2159 727 2230 quae
752 2131 800 2204 ad
822 2147 957 2204 rectam
982 2131 1178 2228 eloquendi

167 2246 264 2334 viam
276 2245 487 2344 perducant.
509 2247 566 2319 sic
576 2271 621 2320 eo
637 2246 720 2318 loco
737 2245 799 2317 ubi
817 2245 938 2316 omnia
946 2244 1083 2342 peregit
1097 2267 1177 2340 quae

167 2357 214 2430 de
226 2359 435 2431 inventione
449 2358 714 2432 tradivolebat:
733 2388 750 2428 r<
760 2362 882 2446 Quum
892 2356 938 2429 ad
949 2356 1025 2429 haec
1037 2357 1174 2451 omnia,

170 2470 314 2569 inquit¹‚
346 2473 531 2572 praeceptis
551 2473 659 2544 fueris
680 2473 886 2562 instructus,
911 2471 1039 2543 frustra
1056 2470 1175 2563 luerit,

166 2583 236 2655 nisi
262 2600 298 2657 et
319 2584 478 2682 legendis
507 2601 543 2658 et
566 2601 743 2682 quantum
772 2584 850 2657 fieri
873 2599 992 2683 potest
1013 2581 1178 2658 tenendis

172 2696 397 2771 orationibus
406 2698 683 2772 lectissimorum
694 2713 884 2771 auctorum
898 2713 1005 2796 atque
1018 2721 1177 2771 summo·

168 2837 273 2903 rum,
294 2814 515 2911 singularum
539 2813 739 2913 specierum
765 2811 926 2909 exempla
945 2809 1201 2903 consideres,.

169 2925 410 3026 intuearisque
439 2951 523 2999 cum
551 2935 658 3017 cura,
683 2950 763 3024 quae
784 2924 856 2996 illic
880 2924 924 2994 sit
943 2923 980 2993 in
997 2921 1176 3020 prooemio

169 3040 386 3111 conciliandi
406 3039 537 3137 judicis
553 3041 661 3131 ratio,
679 3064 758 3138 quae
775 3035 946 3111 narrandi
960 3033 1040 3128 lux,
1057 3033 1176 3107 brevi-

172 3167 237 3242 tas,
257 3151 359 3239 fides,
378 3153 477 3250 quod
495 3153 699 3244 consilium,
715 3176 824 3251 quam
837 3150 977 3222 occulta
986 3146 1174 3236 calliditas,

170 3276 305 3358 quanta
321 3261 358 3332 in
376 3261 586 3353 dividendo,
602 3286 712 3364 quam
729 3260 867 3332 subtilis
880 3273 915 3331 et
932 3255 1059 3329 crebra
1075 3279 1177 3353 argu·

170 3376 357 3466 mentatio,
384 3401 455 3473 qua
471 3376 695 3471 jocunditate
724 3372 956 3474 permulceat,
981 3383 1116 3467 quanta
1138 3371 1176 3441 in

171 3477 368 3560 maledictis
382 3490 565 3589 asperitaS,
585 3489 621 3559 in
636 3487 726 3583 jocis
745 3484 939 3575 urbanitas,
957 3506 1035 3579 quae
1047 3479 1177 3579 ampli·

171 3599 324 3694 ficandi,
352 3629 431 3700 quae
458 3599 645 3674 minuendi
669 3599 800 3689 virtus,
831 3610 1014 3696 postremo
1037 3617 1116 3691 quae
1138 3593 1175 3664 iu

173 3717 342 3787 omnibus
353 3716 513 3816 partibus
525 3715 684 3787 inventio
699 3711 881 3804 exstiterit,
894 3706 1078 3797 intendas}
1097 3705 1178 3778 imi·

173 3829 347 3900 tationem
371 3854 455 3901 curn
477 3843 552 3902 arte
578 3827 801 3926 conjungas:
829 3825 914 3924 quia
930 3821 1109 3896 efficacior
1124 3832 1179 3893 est

172 3965 237 4040 per
254 3941 417 4042 exempla
433 3941 615 4036 doctrina,
641 3939 840 4038 meliusque
857 3939 990 4038 poteris
1004 3933 1177 4036 perficere

136 4217 137 4224 ¹
215 4194 245 4249 l.
269 4192 302 4250 C.
317 4193 345 4251 J.
360 4189 449 4264 Vico,
464 4206 529 4268 cap.
543 4208 624 4264 xvu,
636 4207 667 4268 p.
683 4190 734 4248 ⁰6.
