2866 5056
663 343 860 420 ...76-

263 495 471 598 spectaculis
483 511 545 571 cut
559 498 744 589 conviviis,
761 513 824 571 cut
839 495 902 570 ubi
914 495 1061 570 minime
1072 497 1254 588 convenit,

263 607 464 686 doctrinam
489 623 596 710 atque
622 609 827 684 facundiam
852 609 1057 704 venditant,
1088 623 1152 683 aut
1166 635 1259 683 rem·

262 722 445 824 publicam
461 737 642 824 strepunt,
664 750 708 798 ex
725 723 882 824 abrupto
897 739 934 797 et
948 724 1026 797 sine
1042 722 1116 796 ullu
1130 725 1261 796 cretio·

262 835 319 908 nis
329 835 539 910 transitione
547 836 593 910 nd
608 838 853 937 exiguumhcc
865 848 1082 936 praeceptum
1093 834 1261 932 degredi,

263 973 338 1048 quo
366 949 513 1022 minime
541 965 709 1052 oportere
736 951 814 1024 εἰτ’
851 949 897 1022 de
924 947 1058 1050 poculo
1088 947 1126 1021 in
1160 973 1263 1022 men·

264 1085 340 1136 scm
359 1062 548 1157 instillare,
572 1064 680 1164 idque
704 1063 852 1162 digitulo
872 1063 1044 1138 diducere
1064 1063 1101 1136 in
1124 1062 1261 1136 linens?

265 1177 443 1250 Nasonem
453 1176 766 1276 scioscripsissede
775 1175 905 1250 milite:
923 1177 1068 1274 «Pingit
1082 1190 1120 1248 et
1134 1175 1261 1272 exiguo

266 1291 436 1385 Pergama
448 1303 524 1361 totu
539 1314 653 1363 mero.
667 1321 684 1358 s
696 1294 777 1362 Haec
786 1289 912 1363 ecdem
925 1311 1040 1388 prope
1056 1287 1179 1388 lepido
1188 1311 1263 1360 mr·

265 1400 363 1474 mine
385 1400 564 1474 Tibullum
579 1407 591 1442 ³
605 1404 817 1502 expressisse
844 1401 970 1476 fateor.
993 1400 1063 1474 Sed
1087 1416 1262 1500 quantum

265 1536 331 1586 suo
355 1511 438 1588 loco
465 1530 500 1588 et
525 1529 687 1614 tempore
714 1514 790 1588 haec
812 1514 859 1587 ab
888 1529 1042 1612 utroque
1061 1511 1157 1586 dimo
1180 1525 1259 1586 sunt

264 1640 394 1724 poeta,
414 1651 536 1699 nonne
554 1641 626 1698 tum
647 1626 894 1725 intempestive
911 1643 946 1698 et
958 1625 1090 1699 insulse
1107 1651 1155 1698 ne
1169 1624 1265 1698 simi-

265 1737 313 1812 lin
341 1738 487 1831 fierent,
506 1739 566 1812 hic
592 1741 786 1813 minutiora
802 1753 1032 1830 consectans,
1062 1740 1186 1812 Victor
1205 1738 1265 1812 ud·

265 1839 428 1926 t'ncnuit?
445 1855 505 1946 lt,
524 1854 678 1953 inquies,
696 1853 807 1928 nimia
830 1877 914 1927 eum
934 1851 1120 1924 severitate
1146 1875 1265 1952 repre·

266 1963 412 2058 hendis,
444 1965 576 2040 oblitus
603 1967 703 2065 quod
729 1967 866 2058 dixisti,
895 1964 1029 2038 scilicet
1057 1963 1152 2037 illius
1175 1981 1267 2064 opus

262 2077 406 2176 juvenis
415 2079 600 2176 cujusdam
615 2079 764 2153 studiosi
772 2079 881 2175 gratio
896 2075 1095 2150 videriesse
1112 2076 1263 2168 fuctum3

267 2191 422 2291 ideoque
434 2193 471 2265 in
490 2193 551 2266 illo
571 2192 669 2264 haud
694 2191 846 2265 absurde
863 2191 993 2263 inserto
1008 2213 1086 2262 esse
1102 2189 1265 2286 quaedam
1393 2238 1394 2265 r

268 2327 363 2401 quoe,
383 2305 543 2401 quemvis
559 2304 721 2402 vulgata,
741 2327 815 2376 non
833 2301 1005 2374 inutiliter
1020 2301 1205 2374 incautum
1223 2325 1265 2376 nc
1394 2319 1395 2342 ¹

268 2417 422 2492 tironem
446 2415 710 2488 adolescentem
731 2414 916 2490 docerent.
940 2419 1014 2513 Ego
1037 2427 1159 2487 cutem
1190 2439 1265 2488 res·
1395 2404 1396 2410 ¹

268 2525 459 2626 pondcb0‚
476 2552 682 2626 quanquam
696 2527 767 2600 hoc
784 2551 893 2627 opus,
913 2526 960 2601 ad
973 2528 1149 2626 inexperti
1160 2527 1267 2600 disci-

269 2641 344 2740 puli
353 2642 590 2739 ignorantium
599 2640 922 2735 accommodatum,
934 2665 1009 2713 non
1019 2639 1150 2715 codem
1160 2639 1268 2714 veluti

270 2755 432 2828 examine
450 2755 726 2854 ponderandum
745 2756 789 2830 sit
814 2771 921 2853 utque
940 2753 1212 2828 eminentissimi
1232 2767 1268 2827 et

270 2868 421 2940 omnino
449 2869 568 2942 viriles
597 2870 779 2942 Ciceronis
812 2883 849 2941 et
876 2865 1086 2955 Quintiliani
1114 2865 1161 2938 de
1182 2865 1268 2938 ¹elo·

271 2982 417 3075 quentia
432 2978 533 3069 libri,
559 2979 722 3052 debuisse
739 2995 857 3052 tumen
878 2978 984 3074 hujus
1006 2993 1192 3052 auctorem
1213 3003 1268 3052 se·

271 3088 400 3163 veriori
424 3089 461 3162 in
494 3091 755 3191 componendis
782 3091 888 3164 rebus
918 3091 1080 3166 adhibita
1107 3094 1268 3184 ratione,

271 3225 346 3275 non
374 3217 523 3296 temere,
559 3205 594 3275 in
625 3203 796 3277 dissoluto
828 3204 978 3278 nimium
1011 3204 1268 3276 sententiarum

271 3317 411 3419 ordine,
428 3317 582 3418 disparia
590 3317 792 3416 disparibus
805 3319 964 3392 miscere.
982 3323 1026 3390 Et
1041 3341 1085 3390 eo
1102 3317 1269 3391 libentius

271 3433 437 3534 impellor·
452 3450 492 3507 ut
510 3433 781 3533 inaequalitatem
800 3434 903 3507 istum
923 3433 959 3505 in
976 3432 1166 3506 scribendo
1189 3435 1270 3507 Vic-

273 3548 342 3618 tori
356 3549 443 3621 vitio
461 3563 616 3639 vertam,
640 3547 740 3645 quod
762 3547 800 3618 in
816 3545 942 3620 ecdem
958 3569 997 3617 re
1021 3544 1154 3618 Tullius
1167 3545 1270 3642 juve·

272 3679 373 3744 nem,
393 3657 484 3731 sicut
498 3659 640 3732 videtur
656 3659 779 3732 fecisse
794 3658 936 3751 Victor,
955 3682 1068 3755 quum
1085 3657 1271 3757 praeceptis

272 3767 479 3857 instrueret,
497 3769 592 3843 hunc
608 3795 728 3844 rerum
744 3772 1019 3846 inconstantium
1036 3786 1071 3846 et
1084 3770 1270 3846 molestum

274 3879 513 3955 diversitatem
523 3883 697 3980 effugerit.

314 4038 343 4095 l.
367 4037 397 4094 C.
417 4037 444 4092 J.
462 4033 550 4107 vict,
563 4055 625 4115 cup.
642 4053 730 4112 xxvi,
745 4057 774 4116 p.
792 4039 864 4096 tta.

315 4131 345 4188 2.
364 4121 469 4186 Tibull.
485 4127 569 4205 Eleg.
584 4129 616 4202 t,
628 4145 668 4198 x,
682 4127 787 4190 :ll-³2.
