2866 5056
531 443 703 512 ,5-

164 593 248 662 Haec
270 589 352 662 satis
370 588 484 660 muita
509 613 607 663 nunc
632 588 678 661 de
696 589 782 662 Caio
798 589 891 663 Julio
904 591 1048 663 Victore
1066 616 1121 664 re·

114 695 288 776 serantur.
317 703 456 791 Deinde
487 727 558 799 pro
592 717 755 801 tempore
781 718 817 776 et
845 703 928 776 loco
957 705 1122 802 quaedam

113 813 183 888 alia
210 815 434 918 perpendere
468 829 716 912 opportunum
742 817 808 888 erit
835 842 915 915 quae
939 818 1052 888 Maius
1075 817 1122 890 de

113 930 260 1002 Victore
273 931 333 1002 hic
349 930 495 1025 adjecit,
515 943 550 1000 et
564 954 677 1026 quum
694 931 875 1002 verissime
893 930 989 1001 hunc
1008 953 1028 1001 a
1046 930 1123 1002 Sul·

113 1043 210 1140 picio
232 1043 394 1131 Victore,
410 1041 555 1112 rhetore
580 1042 713 1113 scilicet
730 1042 818 1132 alio,
837 1043 1036 1140 separavit,
1055 1046 1123 1116 ttu-

112 1152 196 1226 fini¹
213 1155 421 1227 testimonio
439 1153 567 1243 fretus,
582 1155 645 1250 qni
666 1154 845 1226 Victorem
858 1168 1021 1226 nostrum
1032 1154 1124 1227 inter

113 1289 178 1338 eos
203 1267 326 1364 posuit
351 1266 413 1364 qni
437 1265 483 1336 do
510 1265 668 1336 numeris
698 1265 864 1336 oratoriis
890 1266 1120 1364 scripserunt,

113 1379 216 1477 quod
240 1404 363 1452 revera
380 1403 422 1450 ex
440 1378 636 1450 Rhetoricre
653 1393 783 1450 nostrae
803 1379 918 1477 capite
940 1379 986 1452 ad
1007 1379 1125 1452 elocu-

113 1492 252 1564 tionem
269 1492 471 1590 pertinente
488 1505 648 1589 apparet,
671 1490 758 1561 dum
776 1515 822 1561 ne
839 1490 951 1562 ullum
976 1492 1124 1587 quidem

111 1603 270 1677 verbum
282 1605 328 1677 de
340 1603 474 1676 eisdem
488 1604 647 1675 numeris
659 1602 836 1700 Sulpicius
845 1605 981 1693 Victor,
996 1606 1032 1674 in
1046 1604 1125 1678 rhe-

113 1719 254 1795 toribus
271 1743 293 1792 a
308 1718 449 1789 Pithoeo
477 1732 513 1789 et
542 1718 808 1816 Capperonerio
835 1718 939 1790 editis
961 1718 1065 1808 fecit,
1088 1735 1125 1792 et

114 1858 228 1931 quum
249 1832 376 1904 Caium
394 1831 525 1902 Julium
543 1831 721 1902 Victorem
740 1832 776 1903 in
795 1831 938 1903 ethnica
955 1833 1124 1930 supersti-

114 1946 213 2019 tione
226 1946 471 2017 innutrituma
482 1967 520 2015 se
532 1944 632 2016 nosci
645 1943 889 2040 frequentibus
902 1944 1042 2016 iudiciis
1055 1948 1126 2016 An·

114 2059 214 2156 gelus
228 2059 341 2130 Maius
350 2071 525 2130 asseverat
540 2085 549 2146 ;
569 2072 604 2128 et
622 2082 735 2153 quum
752 2058 858 2128 etiam
873 2061 891 2128 J
896 2059 957 2130 otti
970 2059 1125 2131 Victoris

113 2171 333 2245 rhetoricam
351 2171 498 2268 eclogen
516 2169 667 2242 affirmat
687 2171 724 2241 in
744 2171 893 2267 gratiam
909 2169 1058 2241 studiosi
1068 2171 1124 2267 ju-

114 2286 215 2357 venis
244 2285 351 2358 fuisse
376 2285 628 2384 compositam,
655 2285 846 2356 Suetonii⁸
867 2298 903 2360 et
926 2284 1125 2356 Prisciani⁸

114 2401 365 2471 auctoritatem
384 2399 452 2470 sibi
473 2399 673 2489 vindicans,
689 2399 752 2496 qui
775 2397 907 2470 multos
932 2422 998 2470 sua
1021 2412 1123 2470 aetate

115 2512 396 2584 commentarios
408 2511 585 2608 ejusmodi
599 2511 680 2582 ferri
693 2511 931 2585 tradiderunt.

134 2973 201 3057 34.
218 2980 263 3036 De
274 2973 439 3036 rhetoribus
454 2994 578 3055 quorum
596 2989 739 3056 praecepta
751 2976 782 3037 iu
794 2974 998 3059 compendium
1012 2993 1097 3037 suum

475 3071 620 3132 transtulit
638 3072 748 3133 Victor.

163 3280 243 3348 Jam
252 3277 549 3374 igiturVictorem
557 3279 811 3376 relinquamus,
820 3280 921 3378 cujus
934 3303 1001 3354 nec
1010 3282 1125 3382 patria

115 3413 182 3460 nec
207 3403 291 3460 retas
315 3414 383 3461 nec
406 3389 522 3461 studia
548 3390 654 3489 plane
681 3407 864 3490 comperte
894 3409 990 3483 suut,
1015 3410 1054 3467 ut
1076 3395 1123 3469 ab

115 3500 238 3598 ignoto
251 3501 313 3574 illo
326 3504 403 3572 viro
415 3503 657 3600 compositum
677 3517 738 3574 aut
753 3505 873 3602 potius
885 3519 1027 3578 strenue
1038 3508 1124 3582 hinc

115 3611 199 3685 inde
212 3628 248 3685 et
263 3612 395 3710 ubique
405 3614 637 3712 compilatum
645 3615 808 3686 oratoriae
816 3614 1123 3692 artisbreviarium

115 3726 377 3824 aggrediamur.
397 3727 467 3799 Sed
485 3729 584 3801 nulla
605 3730 649 3801 sit
671 3730 776 3805 nobis
794 3731 894 3829 prior
910 3730 999 3803 illud
1015 3747 1051 3804 et
1068 3759 1124 3807 ex·

114 3839 272 3936 plicandi
299 3855 336 3912 et
361 3841 581 3938 dijudicandi
607 3869 706 3938 cura,
732 3869 841 3942 quam
868 3847 951 3918 Maii
975 3849 1123 3945 vestigia

153 4037 185 4092 t.
212 4031 267 4092 Ed.
283 4036 430 4114 (ioppen,
449 4057 480 4116 p.
498 4039 567 4098 353.

154 4125 185 4181 2.
210 4127 256 4182 De
270 4127 416 4200 Gronau,
431 4146 496 4207 cap.
513 4148 554 4185 ιν.

154 4213 184 4272 3.
207 4216 329 4273 Prnoem.
342 4219 379 4274 de
391 4237 467 4280 uum.
483 4230 511 4275 et
519 4220 608 4294 p'ond.
