<?xml version="1.0" encoding="UTF-8"?>
<!DOCTYPE html PUBLIC "-//W3C//DTD XHTML 1.0 Transitional//EN"
    "http://www.w3.org/TR/xhtml1/DTD/xhtml1-transitional.dtd">
<html xmlns="http://www.w3.org/1999/xhtml" xml:lang="en" lang="en">
 <head>
  <title>
</title>
<meta http-equiv="Content-Type" content="text/html;charset=utf-8" />
  <meta name='ocr-system' content='tesseract 3.04.00' />
  <meta name='ocr-capabilities' content='ocr_page ocr_carea ocr_par ocr_line ocrx_word'/>
</head>
<body>
  <div class='ocr_page' id='page_1' title='image "./decaiijuliivict00victgoog_0037.png"; bbox 0 0 2866 5056; ppageno 0'>
   <div class='ocr_carea' id='block_1_1' title="bbox 668 401 867 478">
    <p class='ocr_par' dir='ltr' id='par_1_1' title="bbox 668 401 867 478">
     <span class='ocr_line' id='line_1_1' title="bbox 668 401 867 478; baseline -0.02 -17"><span class='ocrx_word' id='word_1_1' title='bbox 668 401 867 478; x_wconf 63' lang='lat'>...24-</span> 
     </span>
    </p>
   </div>
   <div class='ocr_carea' id='block_1_2' title="bbox 224 550 1284 4073">
    <p class='ocr_par' dir='ltr' id='par_1_2' title="bbox 224 550 1280 973">
     <span class='ocr_line' id='line_1_2' title="bbox 264 550 1280 653; baseline -0.01 -23"><span class='ocrx_word' id='word_1_2' title='bbox 264 595 283 632; x_wconf 76' lang='lat' dir='ltr'><strong>a</strong></span> <span class='ocrx_word' id='word_1_3' title='bbox 303 563 443 634; x_wconf 86' lang='lat' dir='ltr'><strong>llornrn</strong></span> <span class='ocrx_word' id='word_1_4' title='bbox 458 581 567 629; x_wconf 92' lang='lat' dir='ltr'><strong>nemo</strong></span> <span class='ocrx_word' id='word_1_5' title='bbox 584 569 674 645; x_wconf 87' lang='lat' dir='ltr'><strong>erat,</strong></span> <span class='ocrx_word' id='word_1_6' title='bbox 694 553 824 650; x_wconf 89' lang='lat' dir='ltr'><strong>inquit,</strong></span> <span class='ocrx_word' id='word_1_7' title='bbox 840 551 903 649; x_wconf 90' lang='lat' dir='ltr'><strong>qui</strong></span> <span class='ocrx_word' id='word_1_8' title='bbox 921 550 1070 625; x_wconf 84' lang='lat' dir='ltr'><strong>dilatare</strong></span> <span class='ocrx_word' id='word_1_9' title='bbox 1086 567 1206 653; x_wconf 87' lang='lat' dir='ltr'><strong>posset</strong></span> <span class='ocrx_word' id='word_1_10' title='bbox 1226 568 1280 627; x_wconf 77' lang='lat' dir='ltr'><strong>at-</strong></span> 
     </span>
     <span class='ocr_line' id='line_1_3' title="bbox 261 665 1276 775; baseline -0.005 -27"><span class='ocrx_word' id='word_1_11' title='bbox 261 700 334 775; x_wconf 90' lang='lat' dir='ltr'><strong>que</strong></span> <span class='ocrx_word' id='word_1_12' title='bbox 350 697 371 745; x_wconf 92' lang='lat' dir='ltr'><strong>a</strong></span> <span class='ocrx_word' id='word_1_13' title='bbox 389 671 594 771; x_wconf 79' lang='lat' dir='ltr'><strong>propriaue</strong></span> <span class='ocrx_word' id='word_1_14' title='bbox 611 666 758 740; x_wconf 78' lang='lat' dir='ltr'><strong>definita</strong></span> <span class='ocrx_word' id='word_1_15' title='bbox 783 665 1026 764; x_wconf 88' lang='lat' dir='ltr'><strong>disputatione</strong></span> <span class='ocrx_word' id='word_1_16' title='bbox 1049 665 1209 738; x_wconf 88' lang='lat' dir='ltr'><strong>hominis</strong></span> <span class='ocrx_word' id='word_1_17' title='bbox 1233 692 1276 744; x_wconf 90' lang='lat' dir='ltr'><strong>ac</strong></span> 
     </span>
     <span class='ocr_line' id='line_1_4' title="bbox 262 780 1276 886; baseline -0.004 -26"><span class='ocrx_word' id='word_1_18' title='bbox 262 786 436 886; x_wconf 87' lang='lat' dir='ltr'><strong>temporis</strong></span> <span class='ocrx_word' id='word_1_19' title='bbox 463 784 510 856; x_wconf 93' lang='lat' dir='ltr'><strong>ad</strong></span> <span class='ocrx_word' id='word_1_20' title='bbox 530 805 764 855; x_wconf 88' lang='lat' dir='ltr'><strong>communem</strong></span> <span class='ocrx_word' id='word_1_21' title='bbox 786 780 1020 878; x_wconf 83' lang='lat' dir='ltr'><strong>quaestionem</strong></span> <span class='ocrx_word' id='word_1_22' title='bbox 1037 782 1194 854; x_wconf 86' lang='lat' dir='ltr'><strong>universi</strong></span> <span class='ocrx_word' id='word_1_23' title='bbox 1216 805 1276 880; x_wconf 82' lang='lat' dir='ltr'><strong>ge·</strong></span> 
     </span>
     <span class='ocr_line' id='line_1_5' title="bbox 224 894 872 973; baseline -0.02 -1"><span class='ocrx_word' id='word_1_24' title='bbox 224 945 235 954; x_wconf 93' lang='lat'>-</span> <span class='ocrx_word' id='word_1_25' title='bbox 262 899 360 973; x_wconf 86' lang='lat' dir='ltr'><strong>neris</strong></span> <span class='ocrx_word' id='word_1_26' title='bbox 377 897 580 971; x_wconf 89' lang='lat' dir='ltr'><strong>orationem</strong></span> <span class='ocrx_word' id='word_1_27' title='bbox 598 894 831 967; x_wconf 89' lang='lat' dir='ltr'><strong>traduceret¹.</strong></span> <span class='ocrx_word' id='word_1_28' title='bbox 855 923 872 960; x_wconf 74' lang='lat' dir='ltr'><strong>u</strong></span> 
     </span>
    </p>

    <p class='ocr_par' dir='ltr' id='par_1_3' title="bbox 261 1007 1284 4073">
     <span class='ocr_line' id='line_1_6' title="bbox 312 1007 1278 1108; baseline 0.005 -25"><span class='ocrx_word' id='word_1_29' title='bbox 312 1011 379 1083; x_wconf 90' lang='lat' dir='ltr'><strong>Cui</strong></span> <span class='ocrx_word' id='word_1_30' title='bbox 389 1033 503 1108; x_wconf 91' lang='lat' dir='ltr'><strong>quum</strong></span> <span class='ocrx_word' id='word_1_31' title='bbox 518 1007 754 1106; x_wconf 78' lang='lat' dir='ltr'><strong>quaestionum</strong></span> <span class='ocrx_word' id='word_1_32' title='bbox 770 1007 892 1106; x_wconf 83' lang='lat' dir='ltr'>generi</span> <span class='ocrx_word' id='word_1_33' title='bbox 903 1020 1039 1080; x_wconf 89' lang='lat' dir='ltr'><strong>tautam</strong></span> <span class='ocrx_word' id='word_1_34' title='bbox 1056 1009 1093 1079; x_wconf 93' lang='lat' dir='ltr'><strong>in</strong></span> <span class='ocrx_word' id='word_1_35' title='bbox 1110 1009 1278 1088; x_wconf 72' lang='lat' dir='ltr'><strong>oratione</strong></span> 
     </span>
     <span class='ocr_line' id='line_1_7' title="bbox 264 1121 1275 1222; baseline 0 -25"><span class='ocrx_word' id='word_1_36' title='bbox 264 1125 364 1197; x_wconf 89' lang='lat' dir='ltr'><strong>omni</strong></span> <span class='ocrx_word' id='word_1_37' title='bbox 379 1123 619 1222; x_wconf 73' lang='lat' dir='ltr'><strong>praestantiam</strong></span> <span class='ocrx_word' id='word_1_38' title='bbox 630 1122 765 1193; x_wconf 88' lang='lat' dir='ltr'><strong>Tullius</strong></span> <span class='ocrx_word' id='word_1_39' title='bbox 777 1121 1020 1219; x_wconf 80' lang='lat' dir='ltr'><strong>assignaverit,</strong></span> <span class='ocrx_word' id='word_1_40' title='bbox 1038 1147 1146 1220; x_wconf 89' lang='lat' dir='ltr'><strong>quem</strong></span> <span class='ocrx_word' id='word_1_41' title='bbox 1160 1149 1275 1221; x_wconf 91' lang='lat' dir='ltr'><strong>quum</strong></span> 
     </span>
     <span class='ocr_line' id='line_1_8' title="bbox 262 1235 1277 1335; baseline -0.001 -24"><span class='ocrx_word' id='word_1_42' title='bbox 262 1240 301 1311; x_wconf 91' lang='lat' dir='ltr'><strong>in</strong></span> <span class='ocrx_word' id='word_1_43' title='bbox 319 1261 360 1310; x_wconf 85' lang='lat' dir='ltr'><strong>ea</strong></span> <span class='ocrx_word' id='word_1_44' title='bbox 380 1238 572 1335; x_wconf 89' lang='lat' dir='ltr'><strong>opinione,</strong></span> <span class='ocrx_word' id='word_1_45' title='bbox 600 1249 678 1308; x_wconf 92' lang='lat' dir='ltr'><strong>tum</strong></span> <span class='ocrx_word' id='word_1_46' title='bbox 700 1235 772 1307; x_wconf 86' lang='lat' dir='ltr'><strong>lere</strong></span> <span class='ocrx_word' id='word_1_47' title='bbox 798 1238 924 1308; x_wconf 87' lang='lat' dir='ltr'><strong>ceteris</strong></span> <span class='ocrx_word' id='word_1_48' title='bbox 946 1235 1116 1308; x_wconf 91' lang='lat' dir='ltr'><strong>omnibus</strong></span> <span class='ocrx_word' id='word_1_49' title='bbox 1133 1238 1277 1325; x_wconf 79' lang='lat' dir='ltr'><strong>Quinti·</strong></span> 
     </span>
     <span class='ocr_line' id='line_1_9' title="bbox 261 1349 1275 1445; baseline -0.004 -21"><span class='ocrx_word' id='word_1_50' title='bbox 261 1352 379 1424; x_wconf 89' lang='lat' dir='ltr'><strong>lianus</strong></span> <span class='ocrx_word' id='word_1_51' title='bbox 407 1362 548 1420; x_wconf 87' lang='lat' dir='ltr'><strong>secutus</strong></span> <span class='ocrx_word' id='word_1_52' title='bbox 571 1361 643 1438; x_wconf 88' lang='lat' dir='ltr'><strong>est;</strong></span> <span class='ocrx_word' id='word_1_53' title='bbox 663 1371 775 1445; x_wconf 88' lang='lat' dir='ltr'><strong>quare</strong></span> <span class='ocrx_word' id='word_1_54' title='bbox 795 1352 834 1420; x_wconf 91' lang='lat' dir='ltr'><strong>C.</strong></span> <span class='ocrx_word' id='word_1_55' title='bbox 856 1349 968 1420; x_wconf 85' lang='lat' dir='ltr'><strong>Julius</strong></span> <span class='ocrx_word' id='word_1_56' title='bbox 985 1351 1110 1421; x_wconf 89' lang='lat' dir='ltr'><strong>Victor</strong></span> <span class='ocrx_word' id='word_1_57' title='bbox 1129 1364 1163 1420; x_wconf 94' lang='lat' dir='ltr'><strong>et</strong></span> <span class='ocrx_word' id='word_1_58' title='bbox 1186 1353 1275 1421; x_wconf 88' lang='lat' dir='ltr'><strong>ller-</strong></span> 
     </span>
     <span class='ocr_line' id='line_1_10' title="bbox 262 1460 1275 1560; baseline -0.002 -26"><span class='ocrx_word' id='word_1_59' title='bbox 262 1485 419 1556; x_wconf 86' lang='lat' dir='ltr'><strong>magorae</strong></span> <span class='ocrx_word' id='word_1_60' title='bbox 443 1473 478 1532; x_wconf 90' lang='lat' dir='ltr'><strong>et</strong></span> <span class='ocrx_word' id='word_1_61' title='bbox 503 1460 648 1532; x_wconf 90' lang='lat' dir='ltr'><strong>illorum</strong></span> <span class='ocrx_word' id='word_1_62' title='bbox 674 1475 850 1559; x_wconf 74' lang='lat' dir='ltr'><strong>praecepta</strong></span> <span class='ocrx_word' id='word_1_63' title='bbox 878 1463 1056 1555; x_wconf 88' lang='lat' dir='ltr'><strong>imitatus,</strong></span> <span class='ocrx_word' id='word_1_64' title='bbox 1086 1463 1149 1533; x_wconf 89' lang='lat' dir='ltr'><strong>etsi</strong></span> <span class='ocrx_word' id='word_1_65' title='bbox 1169 1462 1275 1560; x_wconf 85' lang='lat' dir='ltr'><strong>longe</strong></span> 
     </span>
     <span class='ocr_line' id='line_1_11' title="bbox 264 1572 1273 1672; baseline -0.001 -25"><span class='ocrx_word' id='word_1_66' title='bbox 264 1572 366 1647; x_wconf 86' lang='lat' dir='ltr'><strong>abest</strong></span> <span class='ocrx_word' id='word_1_67' title='bbox 382 1587 423 1644; x_wconf 92' lang='lat' dir='ltr'><strong>ut</strong></span> <span class='ocrx_word' id='word_1_68' title='bbox 439 1573 621 1672; x_wconf 83' lang='lat' dir='ltr'><strong>generales</strong></span> <span class='ocrx_word' id='word_1_69' title='bbox 640 1574 757 1647; x_wconf 85' lang='lat' dir='ltr'><strong>theses</strong></span> <span class='ocrx_word' id='word_1_70' title='bbox 774 1573 820 1645; x_wconf 92' lang='lat' dir='ltr'><strong>ab</strong></span> <span class='ocrx_word' id='word_1_71' title='bbox 836 1573 1060 1647; x_wconf 88' lang='lat' dir='ltr'><strong>orationibus</strong></span> <span class='ocrx_word' id='word_1_72' title='bbox 1077 1572 1273 1668; x_wconf 84' lang='lat' dir='ltr'><strong>secluserit,</strong></span> 
     </span>
     <span class='ocr_line' id='line_1_12' title="bbox 264 1686 1276 1785; baseline 0 -25"><span class='ocrx_word' id='word_1_73' title='bbox 264 1691 324 1760; x_wconf 86' lang='lat' dir='ltr'><strong>e&#39;as</strong></span> <span class='ocrx_word' id='word_1_74' title='bbox 336 1700 455 1759; x_wconf 88' lang='lat' dir='ltr'><strong>tamen</strong></span> <span class='ocrx_word' id='word_1_75' title='bbox 473 1686 614 1760; x_wconf 88' lang='lat' dir='ltr'><strong>minore</strong></span> <span class='ocrx_word' id='word_1_76' title='bbox 624 1711 728 1775; x_wconf 90' lang='lat' dir='ltr'><strong>cura,</strong></span> <span class='ocrx_word' id='word_1_77' title='bbox 740 1711 850 1783; x_wconf 92' lang='lat' dir='ltr'><strong>quam</strong></span> <span class='ocrx_word' id='word_1_78' title='bbox 863 1688 1002 1785; x_wconf 87' lang='lat' dir='ltr'><strong>antiqui</strong></span> <span class='ocrx_word' id='word_1_79' title='bbox 1019 1687 1200 1777; x_wconf 87' lang='lat' dir='ltr'><strong>rhetores,</strong></span> <span class='ocrx_word' id='word_1_80' title='bbox 1219 1711 1276 1760; x_wconf 86' lang='lat' dir='ltr'><strong>re-</strong></span> 
     </span>
     <span class='ocr_line' id='line_1_13' title="bbox 265 1800 1276 1901; baseline 0 -29"><span class='ocrx_word' id='word_1_81' title='bbox 265 1800 419 1901; x_wconf 84' lang='lat' dir='ltr'><strong>spexisse</strong></span> <span class='ocrx_word' id='word_1_82' title='bbox 436 1800 611 1873; x_wconf 88' lang='lat' dir='ltr'><strong>dicendus</strong></span> <span class='ocrx_word' id='word_1_83' title='bbox 634 1800 707 1872; x_wconf 82' lang='lat' dir='ltr'><strong>est?</strong></span> <span class='ocrx_word' id='word_1_84' title='bbox 726 1801 784 1873; x_wconf 93' lang='lat' dir='ltr'><strong>Ob</strong></span> <span class='ocrx_word' id='word_1_85' title='bbox 802 1801 888 1875; x_wconf 87' lang='lat' dir='ltr'><strong>alias</strong></span> <span class='ocrx_word' id='word_1_86' title='bbox 911 1801 1060 1874; x_wconf 87' lang='lat' dir='ltr'><strong>fortasse</strong></span> <span class='ocrx_word' id='word_1_87' title='bbox 1076 1823 1220 1891; x_wconf 90' lang='lat' dir='ltr'><strong>causas,</strong></span> <span class='ocrx_word' id='word_1_88' title='bbox 1241 1811 1276 1874; x_wconf 87' lang='lat' dir='ltr'><strong>et</strong></span> 
     </span>
     <span class='ocr_line' id='line_1_14' title="bbox 264 1911 1277 2012; baseline 0.002 -28"><span class='ocrx_word' id='word_1_89' title='bbox 264 1927 414 2012; x_wconf 87' lang='lat' dir='ltr'><strong>propter</strong></span> <span class='ocrx_word' id='word_1_90' title='bbox 423 1912 519 1986; x_wconf 90' lang='lat' dir='ltr'><strong>hanc</strong></span> <span class='ocrx_word' id='word_1_91' title='bbox 536 1911 725 2011; x_wconf 83' lang='lat' dir='ltr'><strong>imprimis,</strong></span> <span class='ocrx_word' id='word_1_92' title='bbox 739 1937 796 1986; x_wconf 90' lang='lat' dir='ltr'><strong>res</strong></span> <span class='ocrx_word' id='word_1_93' title='bbox 811 1912 918 1986; x_wconf 89' lang='lat' dir='ltr'><strong>nohis</strong></span> <span class='ocrx_word' id='word_1_94' title='bbox 934 1939 975 1986; x_wconf 92' lang='lat' dir='ltr'><strong>ea</strong></span> <span class='ocrx_word' id='word_1_95' title='bbox 991 1929 1044 1986; x_wconf 89' lang='lat' dir='ltr'><strong>est</strong></span> <span class='ocrx_word' id='word_1_96' title='bbox 1061 1937 1141 2010; x_wconf 89' lang='lat' dir='ltr'><strong>quae</strong></span> <span class='ocrx_word' id='word_1_97' title='bbox 1156 1916 1277 2012; x_wconf 86' lang='lat' dir='ltr'><strong>expla-</strong></span> 
     </span>
     <span class='ocr_line' id='line_1_15' title="bbox 263 2028 1277 2129; baseline 0.001 -28"><span class='ocrx_word' id='word_1_98' title='bbox 263 2028 1277 2129; x_wconf 86' lang='lat' dir='ltr'><strong>netur.Scilicetqu0ndam,quumeloquentiaeetphilo-</strong></span> 
     </span>
     <span class='ocr_line' id='line_1_16' title="bbox 265 2142 1278 2243; baseline 0.004 -29"><span class='ocrx_word' id='word_1_99' title='bbox 265 2142 400 2241; x_wconf 81' lang='lat' dir='ltr'><strong>sophiae</strong></span> <span class='ocrx_word' id='word_1_100' title='bbox 435 2158 529 2216; x_wconf 90' lang='lat' dir='ltr'><strong>artes</strong></span> <span class='ocrx_word' id='word_1_101' title='bbox 566 2143 712 2243; x_wconf 90' lang='lat' dir='ltr'><strong>paribus</strong></span> <span class='ocrx_word' id='word_1_102' title='bbox 753 2142 880 2215; x_wconf 91' lang='lat' dir='ltr'><strong>studiis</strong></span> <span class='ocrx_word' id='word_1_103' title='bbox 924 2143 1122 2233; x_wconf 87' lang='lat' dir='ltr'><strong>florerent,</strong></span> <span class='ocrx_word' id='word_1_104' title='bbox 1163 2169 1278 2241; x_wconf 89' lang='lat' dir='ltr'><strong>quum</strong></span> 
     </span>
     <span class='ocr_line' id='line_1_17' title="bbox 264 2254 1277 2356; baseline 0 -26"><span class='ocrx_word' id='word_1_105' title='bbox 264 2257 421 2330; x_wconf 75' lang='lat' dir='ltr'><strong>mxima</strong></span> <span class='ocrx_word' id='word_1_106' title='bbox 458 2256 661 2329; x_wconf 88' lang='lat' dir='ltr'><strong>oratoribus</strong></span> <span class='ocrx_word' id='word_1_107' title='bbox 696 2256 839 2356; x_wconf 81' lang='lat' dir='ltr'><strong>praemia</strong></span> <span class='ocrx_word' id='word_1_108' title='bbox 870 2254 907 2326; x_wconf 92' lang='lat' dir='ltr'><strong>iu</strong></span> <span class='ocrx_word' id='word_1_109' title='bbox 938 2255 1072 2354; x_wconf 80' lang='lat' dir='ltr'><strong>ingenti</strong></span> <span class='ocrx_word' id='word_1_110' title='bbox 1098 2258 1277 2354; x_wconf 91' lang='lat' dir='ltr'><strong>quodam·</strong></span> 
     </span>
     <span class='ocr_line' id='line_1_18' title="bbox 264 2368 1280 2469; baseline 0.001 -28"><span class='ocrx_word' id='word_1_111' title='bbox 264 2369 379 2441; x_wconf 90' lang='lat' dir='ltr'><strong>modo</strong></span> <span class='ocrx_word' id='word_1_112' title='bbox 405 2369 617 2468; x_wconf 86' lang='lat' dir='ltr'><strong>eloquentiae</strong></span> <span class='ocrx_word' id='word_1_113' title='bbox 637 2393 766 2469; x_wconf 85' lang='lat' dir='ltr'><strong>campo</strong></span> <span class='ocrx_word' id='word_1_114' title='bbox 789 2368 1068 2467; x_wconf 81' lang='lat' dir='ltr'><strong>exspatiantibus</strong></span> <span class='ocrx_word' id='word_1_115' title='bbox 1092 2393 1280 2468; x_wconf 86' lang='lat' dir='ltr'><strong>propone·</strong></span> 
     </span>
     <span class='ocr_line' id='line_1_19' title="bbox 264 2481 1279 2580; baseline 0.003 -26"><span class='ocrx_word' id='word_1_116' title='bbox 264 2495 402 2575; x_wconf 87' lang='lat' dir='ltr'><strong>rentur,</strong></span> <span class='ocrx_word' id='word_1_117' title='bbox 433 2507 547 2580; x_wconf 91' lang='lat' dir='ltr'><strong>quum</strong></span> <span class='ocrx_word' id='word_1_118' title='bbox 571 2481 697 2556; x_wconf 91' lang='lat' dir='ltr'><strong>eadem</strong></span> <span class='ocrx_word' id='word_1_119' title='bbox 716 2483 849 2580; x_wconf 84' lang='lat' dir='ltr'><strong>ingenii</strong></span> <span class='ocrx_word' id='word_1_120' title='bbox 871 2481 1072 2554; x_wconf 80' lang='lat' dir='ltr'><strong>excelsitate</strong></span> <span class='ocrx_word' id='word_1_121' title='bbox 1099 2497 1135 2554; x_wconf 92' lang='lat' dir='ltr'><strong>et</strong></span> <span class='ocrx_word' id='word_1_122' title='bbox 1162 2482 1279 2557; x_wconf 87' lang='lat' dir='ltr'><strong>altitu·</strong></span> 
     </span>
     <span class='ocr_line' id='line_1_20' title="bbox 266 2593 1277 2695; baseline 0.001 -27"><span class='ocrx_word' id='word_1_123' title='bbox 266 2593 351 2668; x_wconf 90' lang='lat' dir='ltr'><strong>dine</strong></span> <span class='ocrx_word' id='word_1_124' title='bbox 362 2594 572 2694; x_wconf 92' lang='lat' dir='ltr'><strong>amplissimi</strong></span> <span class='ocrx_word' id='word_1_125' title='bbox 585 2597 652 2668; x_wconf 89' lang='lat' dir='ltr'><strong>viri</strong></span> <span class='ocrx_word' id='word_1_126' title='bbox 669 2622 767 2670; x_wconf 88' lang='lat' dir='ltr'><strong>nunc</strong></span> <span class='ocrx_word' id='word_1_127' title='bbox 781 2597 984 2670; x_wconf 77' lang='lat' dir='ltr'><strong>facundiam</strong></span> <span class='ocrx_word' id='word_1_128' title='bbox 1001 2619 1125 2668; x_wconf 91' lang='lat' dir='ltr'><strong>coram</strong></span> <span class='ocrx_word' id='word_1_129' title='bbox 1138 2595 1277 2695; x_wconf 92' lang='lat' dir='ltr'><strong>populo</strong></span> 
     </span>
     <span class='ocr_line' id='line_1_21' title="bbox 266 2709 1277 2809; baseline 0 -27"><span class='ocrx_word' id='word_1_130' title='bbox 266 2723 494 2800; x_wconf 82' lang='lat' dir='ltr'><strong>exercerent,</strong></span> <span class='ocrx_word' id='word_1_131' title='bbox 519 2733 617 2782; x_wconf 87' lang='lat' dir='ltr'><strong>nunc</strong></span> <span class='ocrx_word' id='word_1_132' title='bbox 643 2710 681 2783; x_wconf 91' lang='lat' dir='ltr'><strong>in</strong></span> <span class='ocrx_word' id='word_1_133' title='bbox 711 2711 786 2783; x_wconf 90' lang='lat' dir='ltr'><strong>otio</strong></span> <span class='ocrx_word' id='word_1_134' title='bbox 816 2709 1169 2809; x_wconf 86' lang='lat' dir='ltr'><strong>philosopharentur,</strong></span> <span class='ocrx_word' id='word_1_135' title='bbox 1191 2725 1277 2782; x_wconf 90' lang='lat' dir='ltr'><strong>tnnc</strong></span> 
     </span>
     <span class='ocr_line' id='line_1_22' title="bbox 265 2824 1278 2932; baseline -0.001 -35"><span class='ocrx_word' id='word_1_136' title='bbox 265 2825 430 2926; x_wconf 85' lang='lat' dir='ltr'><strong>profecto</strong></span> <span class='ocrx_word' id='word_1_137' title='bbox 456 2827 549 2899; x_wconf 89' lang='lat' dir='ltr'><strong>miro</strong></span> <span class='ocrx_word' id='word_1_138' title='bbox 570 2827 732 2930; x_wconf 91' lang='lat' dir='ltr'><strong>quodam</strong></span> <span class='ocrx_word' id='word_1_139' title='bbox 756 2825 994 2932; x_wconf 87' lang='lat' dir='ltr'><strong>philosophiae</strong></span> <span class='ocrx_word' id='word_1_140' title='bbox 1012 2839 1048 2898; x_wconf 87' lang='lat' dir='ltr'><strong>et</strong></span> <span class='ocrx_word' id='word_1_141' title='bbox 1064 2824 1278 2922; x_wconf 78' lang='lat' dir='ltr'><strong>eloquentiae</strong></span> 
     </span>
     <span class='ocr_line' id='line_1_23' title="bbox 265 2936 1280 3046; baseline -0.004 -30"><span class='ocrx_word' id='word_1_142' title='bbox 265 2967 445 3035; x_wconf 79' lang='lat' dir='ltr'><strong>consensu</strong></span> <span class='ocrx_word' id='word_1_143' title='bbox 473 2943 690 3044; x_wconf 84' lang='lat' dir='ltr'><strong>peculiarem</strong></span> <span class='ocrx_word' id='word_1_144' title='bbox 723 2967 1014 3046; x_wconf 88' lang='lat' dir='ltr'><strong>unamquamque</strong></span> <span class='ocrx_word' id='word_1_145' title='bbox 1048 2965 1193 3016; x_wconf 92' lang='lat' dir='ltr'><strong>causam</strong></span> <span class='ocrx_word' id='word_1_146' title='bbox 1229 2936 1280 3012; x_wconf 85' lang='lat' dir='ltr'><strong>ad</strong></span> 
     </span>
     <span class='ocr_line' id='line_1_24' title="bbox 265 3057 1283 3159; baseline 0.001 -30"><span class='ocrx_word' id='word_1_147' title='bbox 265 3057 505 3131; x_wconf 87' lang='lat' dir='ltr'><strong>universalem</strong></span> <span class='ocrx_word' id='word_1_148' title='bbox 534 3063 769 3159; x_wconf 87' lang='lat' dir='ltr'><strong>quaestionem</strong></span> <span class='ocrx_word' id='word_1_149' title='bbox 792 3059 1024 3151; x_wconf 86' lang='lat' dir='ltr'><strong>attollebant,</strong></span> <span class='ocrx_word' id='word_1_150' title='bbox 1052 3085 1097 3132; x_wconf 89' lang='lat' dir='ltr'><strong>ex</strong></span> <span class='ocrx_word' id='word_1_151' title='bbox 1121 3083 1193 3158; x_wconf 91' lang='lat' dir='ltr'><strong>qua</strong></span> <span class='ocrx_word' id='word_1_152' title='bbox 1214 3079 1283 3130; x_wconf 85' lang='lat' dir='ltr'><strong>co·</strong></span> 
     </span>
     <span class='ocr_line' id='line_1_25' title="bbox 262 3169 1278 3276; baseline -0.005 -27"><span class='ocrx_word' id='word_1_153' title='bbox 262 3175 368 3276; x_wconf 91' lang='lat' dir='ltr'><strong>piose</strong></span> <span class='ocrx_word' id='word_1_154' title='bbox 392 3189 426 3247; x_wconf 90' lang='lat' dir='ltr'><strong>et</strong></span> <span class='ocrx_word' id='word_1_155' title='bbox 451 3175 548 3246; x_wconf 88' lang='lat' dir='ltr'><strong>varie</strong></span> <span class='ocrx_word' id='word_1_156' title='bbox 561 3174 742 3275; x_wconf 87' lang='lat' dir='ltr'><strong>disputata</strong></span> <span class='ocrx_word' id='word_1_157' title='bbox 758 3174 805 3248; x_wconf 88' lang='lat' dir='ltr'><strong>ad</strong></span> <span class='ocrx_word' id='word_1_158' title='bbox 822 3174 1012 3273; x_wconf 89' lang='lat' dir='ltr'><strong>specialem</strong></span> <span class='ocrx_word' id='word_1_159' title='bbox 1036 3173 1169 3246; x_wconf 89' lang='lat' dir='ltr'><strong>deinde</strong></span> <span class='ocrx_word' id='word_1_160' title='bbox 1194 3169 1278 3244; x_wconf 81' lang='lat' dir='ltr'><strong>illu·</strong></span> 
     </span>
     <span class='ocr_line' id='line_1_26' title="bbox 266 3283 1284 3364; baseline -0.005 -4"><span class='ocrx_word' id='word_1_161' title='bbox 266 3289 432 3364; x_wconf 90' lang='lat' dir='ltr'><strong>striorem</strong></span> <span class='ocrx_word' id='word_1_162' title='bbox 464 3315 507 3363; x_wconf 91' lang='lat' dir='ltr'><strong>ea</strong></span> <span class='ocrx_word' id='word_1_163' title='bbox 541 3314 580 3362; x_wconf 90' lang='lat' dir='ltr'><strong>re</strong></span> <span class='ocrx_word' id='word_1_164' title='bbox 612 3287 742 3363; x_wconf 83' lang='lat' dir='ltr'><strong>factam</strong></span> <span class='ocrx_word' id='word_1_165' title='bbox 766 3286 984 3360; x_wconf 88' lang='lat' dir='ltr'><strong>descendere</strong></span> <span class='ocrx_word' id='word_1_166' title='bbox 1013 3284 1189 3357; x_wconf 88' lang='lat' dir='ltr'><strong>solebant.</strong></span> <span class='ocrx_word' id='word_1_167' title='bbox 1217 3283 1284 3356; x_wconf 84' lang='lat' dir='ltr'><strong>Sic</strong></span> 
     </span>
     <span class='ocr_line' id='line_1_27' title="bbox 264 3399 1284 3502; baseline -0.011 -23"><span class='ocrx_word' id='word_1_168' title='bbox 264 3405 417 3496; x_wconf 73' lang='lat' dir='ltr'><strong>lhrllius,</strong></span> <span class='ocrx_word' id='word_1_169' title='bbox 436 3403 537 3478; x_wconf 89' lang='lat' dir='ltr'><strong>verbi</strong></span> <span class='ocrx_word' id='word_1_170' title='bbox 557 3401 689 3502; x_wconf 80' lang='lat' dir='ltr'><strong>gratia,</strong></span> <span class='ocrx_word' id='word_1_171' title='bbox 706 3416 852 3477; x_wconf 87' lang='lat' dir='ltr'><strong>cunctas</strong></span> <span class='ocrx_word' id='word_1_172' title='bbox 869 3401 941 3473; x_wconf 87' lang='lat' dir='ltr'><strong>sere</strong></span> <span class='ocrx_word' id='word_1_173' title='bbox 959 3399 1139 3473; x_wconf 90' lang='lat' dir='ltr'><strong>orationes</strong></span> <span class='ocrx_word' id='word_1_174' title='bbox 1152 3422 1194 3469; x_wconf 85' lang='lat' dir='ltr'><strong>ex</strong></span> <span class='ocrx_word' id='word_1_175' title='bbox 1214 3421 1284 3469; x_wconf 86' lang='lat' dir='ltr'><strong>an·</strong></span> 
     </span>
     <span class='ocr_line' id='line_1_28' title="bbox 268 3509 1281 3624; baseline -0.011 -31"><span class='ocrx_word' id='word_1_176' title='bbox 268 3536 372 3624; x_wconf 83' lang='lat' dir='ltr'><strong>gusto</strong></span> <span class='ocrx_word' id='word_1_177' title='bbox 390 3521 609 3620; x_wconf 86' lang='lat' dir='ltr'><strong>privatarum</strong></span> <span class='ocrx_word' id='word_1_178' title='bbox 625 3542 815 3592; x_wconf 90' lang='lat' dir='ltr'><strong>causarum</strong></span> <span class='ocrx_word' id='word_1_179' title='bbox 829 3516 945 3616; x_wconf 91' lang='lat' dir='ltr'><strong>spatio</strong></span> <span class='ocrx_word' id='word_1_180' title='bbox 954 3538 1018 3613; x_wconf 90' lang='lat' dir='ltr'><strong>per</strong></span> <span class='ocrx_word' id='word_1_181' title='bbox 1027 3509 1281 3583; x_wconf 86' lang='lat' dir='ltr'><strong>incredibilem</strong></span> 
     </span>
     <span class='ocr_line' id='line_1_29' title="bbox 268 3624 1282 3734; baseline -0.013 -27"><span class='ocrx_word' id='word_1_182' title='bbox 268 3633 465 3734; x_wconf 89' lang='lat' dir='ltr'><strong>quamdam</strong></span> <span class='ocrx_word' id='word_1_183' title='bbox 482 3633 615 3732; x_wconf 84' lang='lat' dir='ltr'><strong>ingenii</strong></span> <span class='ocrx_word' id='word_1_184' title='bbox 641 3633 845 3708; x_wconf 87' lang='lat' dir='ltr'><strong>facilitatem</strong></span> <span class='ocrx_word' id='word_1_185' title='bbox 863 3627 1135 3724; x_wconf 88' lang='lat' dir='ltr'><strong>ubertatemque</strong></span> <span class='ocrx_word' id='word_1_186' title='bbox 1155 3624 1201 3696; x_wconf 93' lang='lat' dir='ltr'><strong>ad</strong></span> <span class='ocrx_word' id='word_1_187' title='bbox 1222 3647 1282 3720; x_wconf 85' lang='lat' dir='ltr'><strong>ge·</strong></span> 
     </span>
     <span class='ocr_line' id='line_1_30' title="bbox 269 3737 1275 3846; baseline -0.009 -28"><span class='ocrx_word' id='word_1_188' title='bbox 269 3747 444 3819; x_wconf 89' lang='lat' dir='ltr'><strong>neralium</strong></span> <span class='ocrx_word' id='word_1_189' title='bbox 471 3749 709 3846; x_wconf 87' lang='lat' dir='ltr'><strong>quaestionum</strong></span> <span class='ocrx_word' id='word_1_190' title='bbox 732 3770 928 3837; x_wconf 89' lang='lat' dir='ltr'><strong>cacumen,</strong></span> <span class='ocrx_word' id='word_1_191' title='bbox 956 3758 996 3815; x_wconf 89' lang='lat' dir='ltr'><strong>ut</strong></span> <span class='ocrx_word' id='word_1_192' title='bbox 1032 3741 1081 3813; x_wconf 91' lang='lat' dir='ltr'><strong>ita</strong></span> <span class='ocrx_word' id='word_1_193' title='bbox 1111 3737 1275 3828; x_wconf 84' lang='lat' dir='ltr'><strong>dixerim,</strong></span> 
     </span>
     <span class='ocr_line' id='line_1_31' title="bbox 270 3852 1276 3957; baseline -0.012 -23"><span class='ocrx_word' id='word_1_194' title='bbox 270 3862 394 3954; x_wconf 84' lang='lat' dir='ltr'><strong>erexit,</strong></span> <span class='ocrx_word' id='word_1_195' title='bbox 407 3861 511 3934; x_wconf 89' lang='lat' dir='ltr'><strong>&#39;unde</strong></span> <span class='ocrx_word' id='word_1_196' title='bbox 526 3861 646 3936; x_wconf 91' lang='lat' dir='ltr'><strong>lucem</strong></span> <span class='ocrx_word' id='word_1_197' title='bbox 660 3877 696 3935; x_wconf 90' lang='lat' dir='ltr'><strong>et</strong></span> <span class='ocrx_word' id='word_1_198' title='bbox 713 3863 844 3934; x_wconf 90' lang='lat' dir='ltr'><strong>mirum</strong></span> <span class='ocrx_word' id='word_1_199' title='bbox 864 3855 1094 3957; x_wconf 89' lang='lat' dir='ltr'><strong>splendorem</strong></span> <span class='ocrx_word' id='word_1_200' title='bbox 1109 3852 1276 3948; x_wconf 85' lang='lat' dir='ltr'><strong>negotio,</strong></span> 
     </span>
     <span class='ocr_line' id='line_1_32' title="bbox 271 3962 1282 4073; baseline -0.011 -27"><span class='ocrx_word' id='word_1_201' title='bbox 271 3969 317 4046; x_wconf 88' lang='lat' dir='ltr'><strong>de</strong></span> <span class='ocrx_word' id='word_1_202' title='bbox 328 3997 404 4073; x_wconf 92' lang='lat' dir='ltr'><strong>quo</strong></span> <span class='ocrx_word' id='word_1_203' title='bbox 416 3971 558 4072; x_wconf 86' lang='lat' dir='ltr'><strong>agebat,</strong></span> <span class='ocrx_word' id='word_1_204' title='bbox 571 3975 725 4048; x_wconf 79' lang='lat' dir='ltr'><strong>allatret.</strong></span> <span class='ocrx_word' id='word_1_205' title='bbox 735 3971 889 4045; x_wconf 85' lang='lat' dir='ltr'><strong>Victoris</strong></span> <span class='ocrx_word' id='word_1_206' title='bbox 899 3984 1035 4061; x_wconf 90' lang='lat' dir='ltr'><strong>autem,</strong></span> <span class='ocrx_word' id='word_1_207' title='bbox 1049 3965 1155 4058; x_wconf 88' lang='lat' dir='ltr'><strong>Galli,</strong></span> <span class='ocrx_word' id='word_1_208' title='bbox 1170 3979 1212 4038; x_wconf 89' lang='lat' dir='ltr'><strong>ut</strong></span> <span class='ocrx_word' id='word_1_209' title='bbox 1224 3962 1282 4036; x_wconf 75' lang='lat' dir='ltr'><strong>vi-</strong></span> 
     </span>
    </p>
   </div>
   <div class='ocr_carea' id='block_1_3' title="bbox 313 4203 835 4286">
    <p class='ocr_par' dir='ltr' id='par_1_4' title="bbox 313 4203 835 4286">
     <span class='ocr_line' id='line_1_33' title="bbox 313 4203 835 4286; baseline -0.015 -13"><span class='ocrx_word' id='word_1_210' title='bbox 313 4213 345 4272; x_wconf 84' lang='lat' dir='ltr'><strong>l.</strong></span> <span class='ocrx_word' id='word_1_211' title='bbox 365 4207 426 4272; x_wconf 81' lang='lat' dir='ltr'><strong>cte.</strong></span> <span class='ocrx_word' id='word_1_212' title='bbox 447 4209 545 4283; x_wconf 69' lang='lat' dir='ltr'><strong>Brut„</strong></span> <span class='ocrx_word' id='word_1_213' title='bbox 565 4224 631 4286; x_wconf 87' lang='lat' dir='ltr'><strong>cap.</strong></span> <span class='ocrx_word' id='word_1_214' title='bbox 653 4209 739 4280; x_wconf 82' lang='lat' dir='ltr'><strong>xuni,</strong></span> <span class='ocrx_word' id='word_1_215' title='bbox 763 4203 835 4265; x_wconf 78' lang='lat'><strong>322.</strong></span> 
     </span>
    </p>
   </div>
   <div class='ocr_carea' id='block_1_4' title="bbox 0 0 1445 5056">
    <p class='ocr_par' dir='ltr' id='par_1_5' title="bbox 0 0 1445 5056">
     <span class='ocr_line' id='line_1_34' title="bbox 0 0 1445 5056; baseline 0 0"><span class='ocrx_word' id='word_1_216' title='bbox 0 0 1445 5056; x_wconf 95' lang='lat' dir='ltr'><strong> </strong></span> 
     </span>
    </p>
   </div>
  </div>
 </body>
</html>
