2866 5056
653 361 777 434 ..aa
800 401 850 417 ..

245 509 428 586 ¹rlurelius
450 509 664 608 Augustinus
682 523 716 590 et
731 507 828 607 apud
845 524 989 581 nostros
1005 505 1160 580 Fenelo'
1177 507 1248 597 ille,

245 625 501 700 vividissimum
511 624 728 722 antiquitatis
741 623 868 696 florem
881 621 947 696 sibi
955 621 1249 716 accommodans,

245 737 524 836 explanaverint.
549 740 621 810 Nec
651 735 768 809 solum
800 735 902 808 illum
931 736 1076 812 Catonis
1103 735 1253 828 iocum,·

246 865 308 924 aut
317 850 566 924 Gracchanum
578 850 649 923 hoc
662 875 683 924 a
694 850 884 924 Cicerone·
892 849 1047 950 pleniori
1055 846 1256 922 verborum

247 962 376 1036 ordine
390 963 716 1037 commemoratum
732 963 943 1063 proponit⁴r
966 993 983 1030 «
1004 966 1087 1050 Quo
1100 987 1171 1054 me,
1189 963 1252 1035 mi·

245 1077 506 1168 ser‚conleram
518 1076 533 1148 i
544 1077 580 1148 in
593 1076 809 1176 Capitolium
824 1076 870 1150 ad
886 1077 1002 1149 fratris
1014 1075 1251 1173 sanguinem?

245 1209 291 1261 an
307 1187 481 1261 domum?
499 1218 517 1256 »
540 1188 737 1280 sedetiam,
758 1204 885 1289 praeter
895 1189 1028 1263 inedita
1040 1203 1145 1262 antea
1156 1213 1255 1287 quae-¹

246 1299 330 1372 darn
350 1326 392 1374 ex
409 1301 547 1374 amissis
560 1301 617 1375 vel
634 1302 813 1374 lacunosis
830 1301 1055 1374 orationibus
1071 1301 1252 1374 Ciceronis
1342 1317 1345 1328 ·

244 1414 348 1506 loca,
373 1413 419 1486 de
436 1414 568 1512 quibus
587 1441 671 1487 mox
687 1414 843 1488 breviter
865 1414 1100 1506 disseremus;
1126 1428 1254 1512 praeter

245 1526 468 1600 mentionem
485 1526 765 1599 desideratarum
784 1526 945 1624 ejusdem
963 1524 1010 1598 ad
1029 1525 1154 1598 Axium
1179 1525 1253 1624 epi·

246 1639 419 1713 stolarum
430 1641 453 1731 ⁸,
473 1637 659 1711 utilissima
676 1638 750 1711 duo
769 1654 803 1710 et
820 1637 1061 1738 pulcherrima
1079 1635 1252 1709 hactenus

245 1750 430 1848 ignorata,
453 1751 604 1824 alterum
634 1777 676 1824 ex
699 1755 739 1824 C.
763 1752 888 1823 Fannii
909 1750 1072 1824 oratione
1090 1749 1126 1820 iu
1145 1751 1253 1821 Grac·

245 1862 378 1958 chum,
425 1864 577 1938 alterum
619 1879 739 1938 autem
781 1889 824 1937 ex
863 1863 969 1936 Ennii
1010 1861 1150 1935 Sabinis
1188 1861 1250 1936 de·

244 1977 604 2080 promptum‚.nobis‚
620 1993 658 2051 ut
674 1991 771 2050 recte
783 1976 954 2051 admouet
966 1976 1092 2068 Maius,
1106 2000 1251 2048 conser-

245 2092 342 2164 vavit
372 2093 511 2167 Victor..
538 2123 555 2158 a
583 2095 609 2165 Α
629 2091 720 2165 Gaio
729 2093 753 2184 ⁶,
772 2091 907 2190 inquit,
926 2090 1061 2162 Fannio
1083 2089 1252 2164 adversus

248 2347 266 2384 a
286 2319 377 2410 ritis,
389 2318 728 2410 credo,existirnatis
737 2343 802 2391 vos
814 2319 863 2391 ita
873 2305 1228 2391 utnuncconstitisse
1241 2343 1262 2388 :·

248 2457 267 2500 u
286 2431 323 2502 in
340 2433 516 2506 concione
532 2431 719 2506 babituros
735 2431 870 2524 locum,
889 2446 953 2506 aut
976 2431 1070 2504 ludis
1096 2447 1132 2504 et
1160 2432 1253 2504 festis
1320 2494 1323 2502 .

248 2571 267 2613 n
287 2543 413 2617 diebus
430 2545 676 2618 interfuturos.
693 2549 821 2619 Nonne
830 2545 910 2620 illos
920 2547 1042 2617 omnia
1057 2560 1262 2643 occupatu-¹

250 2689 268 2730 u
288 2685 347 2735 ros
356 2663 512 2762 putatis?
529 2692 547 2732 n
567 2663 717 2760 Collegit
733 2663 831 2738 eninr
848 2689 924 2737 non
938 2689 1015 2737 esse
1028 2661 1253 2763 recipiendos

246 2771 477 2849 in'civitatem
489 2802 531 2850 ex
542 2775 599 2850 his
615 2801 695 2876 quae
713 2793 884 2851 eventura
903 2777 985 2850 sint.
1004 2805 1022 2845 u
1042 2775 1096 2848 nd
1109 2775 1145 2847 id
1158 2779 1253 2847 Fan-

245 2889 360 2962 nianae
372 2873 544 2963 orationis
554 2889 729 2963 ineditum
742 2889 829 2963 illud
841 2890 1079 2988 fragmentum
1090 2887 1262 2988 prodest*

245 3015 284 3072 ut
301 3000 347 3072 ad
361 3005 408 3072 M.
425 3002 529 3074 Tullii
546 3003 794 3076 auctoritatem
811 3003 1055 3075 testimonium
1068 2999 1266 3099 quoddam*

244 3112 399 3209 adjiciat.
432 3117 593 3212 Namque
620 3141 733 3213 quum
765 3117 802 3186 in
832 3117 961 3187 Bruto*
989 3113 1114 3185 Fannii
1144 3121 1292 3184 unam'

175 3291 179 3300 .
245 3226 445 3299 orationem
464 3226 509 3298 de
528 3226 633 3300 sociis
651 3243 686 3299 et
702 3228 850 3300 nomine
865 3228 991 3300 Latino
1009 3241 1134 3300 contra
1146 3229 1254 3298 Grac·

244 3335 367 3433 chum,
388 3354 424 3414 et
445 3339 581 3414 bonam
605 3355 641 3414 et
661 3339 824 3416 nobilem
849 3341 1001 3433 merito,
1032 3353 1070 3412 ut
1096 3339 1249 3431 videtur,

284 3592 314 3649 l.
338 3594 383 3648 Dc
396 3595 478 3650 Dort.
497 3592 615 3666 Christ,
627 3612 669 3652 tv.

283 3681 313 3740 2.
338 3685 414 3740 Lete.
431 3684 646 3754 at'Acad.,1v.

285 3771 313 3830 ³.
337 3771 397 3831 Cic.
414 3773 450 3828 de
466 3773 595 3845 Oratore,
610 3775 672 3845 111,
687 3774 736 3834 lid.

248 3886 251 3894 .
284 3861 313 3920 t.
334 3860 367 3922 C.
381 3859 514 3934 atter,
529 3881 593 3941 cap.
610 3881 697 3934 xxiv,
712 3881 741 3941 p.
760 3865 828 3922 tte.
878 3919 885 3932 ,

284 3952 314 4010 t.
336 3953 368 4010 C.
384 3955 412 4011 l.
429 3950 516 4026 vict,
532 3971 597 4032 cap.
610 3973 711 4025 xxvu,
727 3957 764 4012 de
778 3956 929 4030 Epistolir,
949 3973 980 4034 p.
998 3958 1068 4016 tat.

285 4041 315 4100 ll.
339 4042 372 4100 C.
386 4044 415 4101 l.
431 4040 520 4114 vict,
537 4061 601 4123 cap.
615 4063 664 4116 vr,
679 4040 702 4126 S
718 4047 753 4118 6,
774 4064 805 4124 p.
823 4046 929 4104 lii-52.

287 4133 317 4192 7.
342 4131 402 4193 (lic.
419 4135 540 4208 urucas,
554 4151 619 4214 cap.
636 4153 718 4194 xxrs.
