2880 5058
519 392 572 446 ¹-·
598 387 667 460 tas
692 427 743 443 -

122 551 205 610 ons:
234 541 404 610 Praeterea
433 534 532 634 quod
560 536 607 609 ad
637 537 855 634 epigramma
881 553 1030 636 spectat,
1057 565 1132 612 non

124 652 243 748 copia,
277 650 341 724 sed
366 651 531 722 acumine
556 650 763 748 placens...
798 655 838 723 ln
868 650 985 748 lyricis
1013 667 1134 728 autem

124 763 292 838 Flaccum
308 779 465 852 secutus,
485 789 583 834 nunc
599 763 777 836 ferebatur
793 765 832 836 in
849 762 1005 838 iambico
1028 767 1132 857 citus,

7 893 10 900 ’
124 893 226 953 nunc
255 878 291 948 in
318 877 564 951 choriambico
584 878 721 974 'gravis
746 891 864 949 eto...
891 879 987 966 Quid
1004 878 1133 979 plura?

125 991 277 1078 subtilis,
298 1008 415 1091 aptus,
438 994 644 1084 instructus,
664 1008 782 1064 etc...
805 991 991 1080 »Quibus
1012 985 1135 1065 elau-

125 1105 232 1184 dibus
249 1107 279 1208 si
295 1105 467 1203 quiddam
489 1105 717 1178 barbaricum
734 1105 858 1202 magis,
869 1131 978 1203 quam
988 1107 1134 1178 Ausonii

125 1233 240 1311 aetate,
263 1219 453 1311 ademeris,
471 1220 535 1290 tibi
551 1218 714 1316 profecto
729 1219 902 1314 generalis
912 1209 1133 1306 Gallicorum

126 1334 279 1406 istorum
298 1332 485 1404 rhetorum
510 1347 546 1403 et
572 1333 756 1404 manifesta
778 1333 953 1430 supererit
978 1329 1131 1428 effigies,

126 1447 190 1546 qui
204 1448 327 1518 omnia
342 1446 491 1544 poeticae
508 1445 591 1516 artis
608 1469 738 1540 genera
752 1443 850 1533 inani
867 1445 1032 1516 imitandi
1049 1471 1134 1544 pru-

126 1555 241 1660 rigine
275 1558 419 1657 impulsi
452 1557 662 1630 tractabant.
714 1559 916 1629 Dramatica
950 1572 1067 1629 autem
1099 1573 1134 1630 et

127 1670 600 1769 comicapraesertimpoesis
612 1671 719 1742 fuisse
732 1662 936 1761 condetur,
951 1693 1031 1767 quae
1041 1695 1133 1768 saepe

128 1783 174 1856 ab
192 1784 338 1854 Ausonii
354 1783 551 1880 aequalibus
569 1783 758 1854 exercitata
776 1784 833 1854 sit.
947 1777 950 1786 ’

144 1965 149 1978 ,
177 1901 259 1982 Qua
270 1920 383 1992 quum
394 1895 440 1968 ab
454 1897 708 1968 eiercitatione
720 1896 809 1966 nihil
820 1895 1048 1993 plerumque,
1065 1897 1134 1970 nisi

127 2012 285 2089 sterilem
313 2014 465 2109 ingeniis
496 2029 713 2113 proventum
749 2015 934 2104 referrent,
965 2015 1088 2086 itidem
1113 2039 1136 2086 a

127 2125 373 2226 philosophia,
397 2151 468 2224 qua
484 2127 608 2217 veluti,
631 2127 767 2225 optima
789 2127 1002 2224 eloquentiae
1027 2113 1133 2226 palae·

128 2256 202 2314 stra
213 2265 297 2312 risus
307 2255 384 2312 erat
394 2239 702 2330 Tollius¹,nullum
711 2241 786 2336 jam
798 2240 938 2312 dudum
947 2241 1134 2316 rhetorum

128 2354 325 2452 disciplima
351 2367 388 2425 et
413 2355 673 2428 advocatorum
701 2355 932 2426 oratiunculae
965 2355 1135 2426 auxilium

128 2469 198 2550 sibi
220 2467 491 2566 comparabant.
528 2467 765 2567 Philosophiae
786 2461 883 2538 enim
910 2469 1073 2540 tractatio
1101 2481 1136 2540 et

128 2608 216 2657 usus
235 2581 392 2654 deterior
411 2583 447 2652 in
475 2581 550 2652 dies
567 2596 603 2652 at
616 2581 774 2676 jejunior
797 2596 969 2653 evaserat.
995 2583 1131 2680 ltaque,

129 2697 196 2770 etsi
221 2695 386 2792 quaedam
402 2696 439 2766 in
458 2696 607 2780 Ausonii
624 2693 792 2792 operibus
812 2693 1047 2792 philosophiae
1070 2693 1136 2764 do·

130 2812 321 2882 cumenta²
345 2808 443 2906 apud
470 2807 593 2881 Gallos
620 2831 656 2879 1v
685 2805 802 2878 saeculi
835 2805 978 2877 dicendi
1009 2805 1135 2900 magis-

130 2937 207 2997 tros
231 2936 267 2992 et
286 2921 477 3019 scriptores
503 2934 766 3018 agnoscuntur,
794 2943 835 2991 ac
860 2914 997 2989 Sidonii
1029 2917 1137 2988 etiam

131 3031 290 3132 epistola
328 3047 363 3104 et
394 3035 556 3105 carmina
594 3033 728 3130 passim
763 3032 1025 3123 demonstrant,
1059 3044 1137 3101 tum

131 3147 307 3245 quasdam
335 3145 573 3245 philosophiae
602 3144 820 3244 disciplinas,
864 3158 942 3215 tum
979 3142 1139 3240 syllogis-

131 3283 278 3337 morum
311 3259 556 3358 captiunculas
587 3274 623 3331 et
656 3255 890 3351 irretitiones,
923 3283 1014 3355 saepe
1043 3255 1140 3355 apud

131 3374 311 3473 quosdam
327 3376 474 3446 suorum
492 3389 697 3471 temporum
714 3372 874 3443 eruditos
897 3373 993 3442 viros
1012 3395 1140 3442 usuve-

132 3489 268 3577 nisse³3
288 3488 352 3558 etsi
371 3486 538 3558 Sidonius
555 3501 590 3558 et
607 3485 792 3558 Salvianus
809 3484 855 3558 de
871 3484 1051 3557 veteribus
1064 3483 1141 3583 phi·

132 3599 372 3701 losophorum
397 3602 514 3691 sectis,
532 3601 791 3700 Epicureorum
813 3598 913 3672 verbi
929 3599 1053 3696 gratia,
1073 3595 1141 3669 ad«

176 3810 207 3866 l.
231 3804 291 3866 cic.
312 3809 529 3878 Orat.,111·1v.

176 3900 207 3956 2.
232 3899 340 3954 Praeter
349 3901 459 3972 Septem
468 3901 627 3972 Sapientes,
640 3895 708 3955 vide
716 3895 747 3954 in
759 3895 880 3954 Ausonii
889 3895 1049 3972 Professor.
1062 3899 1143 3972 XVI,

134 4006 167 4044 v.
192 3988 248 4058 ll,
272 3983 322 4044 ubi
337 3984 373 4043 de
388 3985 550 4064 Nepotiane
573 3985 661 4044 dicit:
693 4013 707 4040 α
727 3985 897 4066 Disputator
922 3986 960 4045 ad
986 3987 1143 4046 Cleanthen

134 4073 266 4135 Stoicon.
286 4100 298 4127 a
316 4075 359 4132 Cf.
377 4071 457 4149 Paos.
472 4079 667 4134 xxtxxffl,
773 4115 777 4123 ,
896 4091 930 4116 ,..

181 4168 211 4223 3.
231 4165 331 4226 Sidon.
349 4163 476 4244 Apollin.
492 4169 601 4244 Epist„
615 4169 795 4262 IIl,‘v1;1ll,
810 4187 841 4241 ¹3
853 4171 903 4242 IV,
917 4187 955 4240 113
966 4163 1145 4249 Panegyrico
